name,catalogProductType,price,priceInfo.linePrice,priceInfo.unitPrice
"Sea Best Low Country Boil, 2 lb, Shrimp, Sausage, Snow Crab and Corn, (Frozen) Gluten-Free Contains Snow Crab, Shrimp. Milk, Corn.",Fresh & Frozen Seafood,19.36,$19.36,60.5 ¢/oz
"Boudreaux's Frozen Cooked Peeled & Deveined, Crawfish Tail Meat, 12 oz.",Fresh & Frozen Seafood,8.96,$8.96,74.7 ¢/oz
"Aquamar Surimi, Flake Style Fresh Imitation Crab, 1- 8 oz Medium Plastic Bag. Contains 5g of Protein per serving.",Imitation Crab,2.27,$2.27,28.4 ¢/oz
"Great Value Frozen Peeled Tail on Extra Large Shrimp, 12 oz Bag (26-30 Count per lb)",Shrimp & Prawns,6.96,$6.96,58.0 ¢/oz
"Fresh Snow Crab Seafood Clusters Tray (1lb, 3 Count, 20g Protein per Serving, Shellfish)",Crab,13.77,$13.77,86.1 ¢/oz
"Bos'n Frozen Langostino Lobster 8 oz. Bag, Contains Shellfish",Lobster,11.24,$11.24,$1.41/oz
"Sam's Choice Frozen Mussels, 2 lb",Fresh & Frozen Seafood,6.72,$6.72,21.0 ¢/oz
"Great Value Frozen Seafood Mix with Squid, Mussels, Shrimp, and Scallops, 20 oz Gluten-Free",Fresh & Frozen Seafood,12.36,$12.36,61.8 ¢/oz
"Riceland Crawfish Whole Cooked ""Boiled"" Crawfish, Frozen, 3lb. Contains Shellfish",Fresh & Frozen Seafood,15.74,$15.74,32.8 ¢/oz
"Gorton’s Butterfly Shrimp, Whole Shrimp, Breaded with Crunchy Panko Breadcrumbs, Frozen, 9.2 Ounce Package",Packaged Appetizers,6.16,$6.16,67.0 ¢/oz
"Gorton’s Beer Battered Whole Shrimp, Battered Tail-On Shrimp, Frozen, 9 Ounce Package",Packaged Meals,6.16,$6.16,68.4 ¢/oz
"Marketside Frozen Cooked Snow Crab Legs, 1.5 lb Box, Contains Shellfish",Crab,24.97,$24.97,$1.04/oz
"Great Value Frozen Tilapia Skinless & Boneless Fillets, 2 lb, Bag",Fish,8.87,$8.87,27.7 ¢/oz
"Great Value Frozen Raw Colossal Peeled Deveined Tail-on Shrimp, 12 oz Bag (16-22 Count per lb)",Shrimp & Prawns,7.64,$7.64,63.7 ¢/oz
"Marketside Frozen Raw Ahi Tuna Steaks, 1 lb",Fish,7.26,$7.26,45.4 ¢/oz
"Great Value Frozen Wild Caught Pink Salmon Skin-on Fillets, 2 lb Bag",Fish,10.47,$10.47,$5.24/lb
"SeaPak Jumbo Butterfly Shrimp with Crispy Breading, 9 oz Box, BAP Certified, Frozen Seafood",Shrimp & Prawns,8,$8.00,88.9 ¢/oz
"Great Value Wild Caught Skinless Cod Fillets, 2 lb, Bag (Frozen Fish)",Fish,19.74,$19.74,$9.87/lb
"Marketside Skin-On Atlantic Salmon Fillet, 2.0 - 3.0 lb",Fish,21.53,$21.53,$8.97/lb
"Great Value Cooked Medium Shrimp Cocktail Ring with Sauce, 10 oz Tray, Frozen",Shrimp & Prawns,6.94,$6.94,69.4 ¢/oz
"Great Value Sardines in Water, 3.75 oz",Canned & Jarred Seafood,1.18,$1.18,31.5 ¢/oz
"Wild Caught Alaska Sockeye Whole Salmon Portions, 0.7 - 0.85 lb. MSC Certified. 25g Protein per 4 oz. (112 g) Serving.",Fish,12.33,$12.33,$14.17/lb
"Marketside Fresh Jumbo Raw Shrimp Easy-Peel Deveined Tail-on, 2 lb Tray (21-25 Count per lb), Ready to Cook",Shrimp & Prawns,18.97,$18.97,59.3 ¢/oz
"Ecuagold Frozen Raw Shrimp Head-on, 1.5 lb (14-23 Count per lb)",Shrimp & Prawns,9.34,$9.34,38.9 ¢/oz
"Great Value Black Tiger Easy Peel Shrimp, Frozen, 1 lb",Shrimp & Prawns,15.43,$15.43,96.4 ¢/oz
"Bumble Bee Wild Caught White Crabmeat, 14g Protein Per Serving, Shelf Stable Can, 6oz",Canned & Jarred Seafood,2.94,$2.94,49.0 ¢/oz
"Frozen Wild Caught US Gulf Shrimp, Jumbo 21-25 Shell-On All-Natural, 16 oz bag",Shrimp & Prawns,9.72,$9.72,60.8 ¢/oz
"Great Value Whole Tilapia, 3 lb (Frozen)",Fish,12.72,$12.72,26.5 ¢/oz
"SeaPak Shrimp Poppers with Oven Crispy Breading, 20 oz - Frozen Seafood",Fresh & Frozen Seafood,8,$8.00,40.0 ¢/oz
"Fresh Chicken of the Sea Pasteurized Crab Meat Lump, 16 oz Steel Can - Refrigerated, Contains Shellfish",Canned & Jarred Seafood,29.88,$29.88,$1.87/oz
"Great Value Frozen Raw Small Peeled & Deveined, Tail-off Shrimp, 12 oz Bag (60-80 Count per lb)",Shrimp & Prawns,6.62,$6.62,55.2 ¢/oz
"Great Value Frozen Cooked Medium Peeled & Deveined Tail-on Shrimp, 12 oz Bag (41-60 Count per lb), Contains Shellfish",Shrimp & Prawns,7.27,$7.27,60.6 ¢/oz
"Marketside Farm Raised Skinless Tilapia Fillets, Fresh Never Frozen, 0.8 - 1.25 lb",Fish,7.05,$7.05,$7.27/lb
"Great Value Crispy Battered Fish Fillets, 19 oz, 10 Count",Packaged Meals,5.72,$5.72,30.1 ¢/oz
"Gortons Beer Battered Fish 100% Whole Fish Fillets (Not Minced), Wild Caught Pollock, Frozen, 10 Count, 18.2 Ounce Resealable Bag",Packaged Appetizers,4.87,$4.87,26.8 ¢/oz
"SeaPak Oven Crispy Popcorn Shrimp, Easy to Bake Delicious Seafood, 25 oz (Frozen)",Packaged Appetizers,10.36,$10.36,41.4 ¢/oz
"Great Value Frozen Skinless & Boneless Swai Fish Fillets Value Bag, 4 lb",Fish,15.62,$15.62,24.4 ¢/oz
"Great Value Cooked Medium Shrimp Ring with Cocktail Sauce, 16 oz, Frozen",Shrimp & Prawns,8.98,$8.98,56.1 ¢/oz
"Great Value Chunk Light Tuna in Water, 5 oz",Canned & Jarred Seafood,0.96,$0.96,19.2 ¢/oz
"Gortons Crunchy Breaded Fish 100% Whole Fish Fillets (Not Minced), Wild Caught Alaskan Pollock with Crunchy Panko Breadcrumbs, Frozen, 10 Count, 19 Ounce Resealable Bag",Packaged Appetizers,4.87,$4.87,25.6 ¢/oz
"Aquamar, Surimi, Leg Style Fresh Imitation Crab , 1- 8 oz. Medium Plastic Bag. 5gr of Protein per serving.",Imitation Crab,2.27,$2.27,28.4 ¢/oz
"Chicken of the Sea Wild Caught Light Tuna Packet, Dill Tuna Salad 2.5 oz",Canned & Jarred Seafood,1,$1.00,40.0 ¢/oz
"Vita Classic Herring in Wine Sauce, 2 lb., Gluten-Free, 7g Protein/Serving",Canned & Jarred Seafood,7.98,$7.98,24.9 ¢/oz
"Great Value Frozen Raw Jumbo Shell-on, Tail-on, Easy Peel Shrimp, 32 oz Bag (21-25 Count per lb)",Shrimp & Prawns,18.47,$18.47,57.7 ¢/oz
"Gortons Beer Battered Whole Shrimp, Battered Tail-On Shrimp, Frozen, 9 Ounce Package",Packaged Meals,6.16,$6.16,68.4 ¢/oz
"Snow's Wild Caught Chopped Clams in Clam Juice, 5g Protein per Serving, Shelf Stable Can, 6.5 oz",Canned & Jarred Seafood,2.58,$2.58,39.7 ¢/oz
"Marketside Skinless Atlantic Salmon Fillet, 0.95 - 1.2 lb",Fresh & Frozen Seafood,12.32,$12.32,$12.97/lb
"Frozen Raw Jumbo All Natural Peeled & Deveined, Tail-on Shrimp, 1 lb Bag (21-30 Count per lb)",Shrimp & Prawns,9.94,$9.94,62.1 ¢/oz
"Frozen Wild Caught US Gulf Shrimp, 31-40 Peeled & Deveined All-Natural, 16 oz bag",Shrimp & Prawns,9.97,$9.97,83.1 ¢/oz
"Great Value Frozen Cooked Small Peeled & Deveined, Tail-off Shrimp, 12 oz Bag (71-90 Count per lb), Contains Shellfish",Shrimp & Prawns,6.97,$6.97,58.1 ¢/oz
"Bumble Bee Thai Chili Flavored Light Tuna, Wild Caught, Gluten Free, 14g Protein per Serving, Ready to Eat, No Draining, Shelf Stable Pull Tab Can, 3 oz",Canned & Jarred Seafood,1,$1.00,33.3 ¢/oz
"Brunswick Kippered Seafood Snack, Wild Caught Herring Fillets, Gluten Free, 18g Protein per Serving, Shelf Stable Tin Can, 3.53 oz",Canned & Jarred Seafood,1.82,$1.82,51.6 ¢/oz
"Great Value Frozen Cooked Colossal, Peeled and Deveined Tail-on Shrimp, 12 oz Bag (16-22 Count per lb)",Shrimp & Prawns,7.48,$7.48,62.3 ¢/oz
(2 pack) Chicken of the Sea Chunk Light Tuna In Water 4 - 5 oz Cans,Canned & Jarred Seafood,8.96,$8.96,22.4 ¢/oz
"Geisha Whole Oysters in Water, 8 Oz (226g), Ready to Eat in a Can",Canned & Jarred Seafood,3.5,$3.50,43.8 ¢/oz
"Geisha Fancy Smoked Oysters in Sunflower Oil, 3.75 Oz (106g), Ready to Eat in an Easy Open Can",Canned & Jarred Seafood,2.73,$2.73,72.8 ¢/oz
"Marketside Skinless Atlantic Salmon Portions, 2 lb Bag (Frozen Fish)",Fish,19.83,$19.83,62.0 ¢/oz
"Great Value Frozen Ready to Cook Shrimp Seafood Breaded Butterfly, 32 oz Contains Shrimp, Wheat, Soy.",Shrimp & Prawns,13.14,$13.14,41.1 ¢/oz
Chicken of the Sea Wild Caught Jack Mackerel in Brine 15 oz,Canned & Jarred Seafood,2.86,$2.86,19.1 ¢/oz
(4 pack) King Oscar Wild Caught Skinless & Boneless Mackerel in Olive Oil 4.05 oz,Canned & Jarred Seafood,15.04,$15.04,92.8 ¢/oz
"Bumble Bee Lemon Pepper Seasoned Light Tuna, Wild Caught, Gluten Free, 19g Protein per Serving, Ready to Eat, No Draining, Shelf Stable Pull Tab Can, 3 oz",Canned & Jarred Seafood,1,$1.00,33.3 ¢/oz
"(2 pack) Bumble Bee Wild Caught White Crabmeat, 14g Protein Per Serving, Shelf Stable Can, 6oz",Canned & Jarred Seafood,5.88,$5.88,49.0 ¢/oz
"(3 pack) Geisha Fancy Smoked Oysters in Sunflower Oil, 3.75 Oz (106g), Ready to Eat in an Easy Open Can",Canned & Jarred Seafood,8.19,$8.19,72.8 ¢/oz
"Snow's Wild Caught Minced Clams in Clam Juice, Gluten Free, 5g Protein per Serving, 99% Fat Free, Shelf Stable Can, 6.5 oz",Canned & Jarred Seafood,2.58,$2.58,39.7 ¢/oz
"Crown Prince Fancy Whole Smoked Oysters in Cottonseed Oil, 3.75 oz Can",Canned & Jarred Seafood,3.58,$3.58,95.5 ¢/oz
"StarKist Chunk Light Tuna in Water, 5 oz, 4 Count",Canned & Jarred Seafood,3.84,$3.84,19.2 ¢/oz
"Great Value Frozen Cooked Large Peeled Deveined Tail-on Shrimp, 12 oz (31-40 Count per lb)",Shrimp & Prawns,7.86,$7.86,65.5 ¢/oz
(4 pack) Chicken of the Sea Wild Caught Sardines in Water 3.75 oz,Canned & Jarred Seafood,4,$4.00,26.7 ¢/oz
"Great Value Frozen Cooked Extra Small Peeled and Deveined, Tail-off Shrimp, 12 oz (100-150 Count per lb)",Shrimp & Prawns,7.74,$7.74,64.5 ¢/oz
"(4 Cans) Bumble Bee Solid White Albacore Tuna in Water, 5 oz",Canned & Jarred Seafood,5.88,$5.88,29.4 ¢/oz
"Crown Prince Kipper Snacks, Naturally Smoked, 3.25 oz Can",Canned & Jarred Seafood,1.96,$1.96,59.4 ¢/oz
"Bumble Bee Sweet Heat Flavored Light Tuna, Wild Caught, Gluten Free, 18g Protein per Serving, Ready to Eat, No Draining, Shelf Stable Pull Tab Can, 3 oz",Canned & Jarred Seafood,1,$1.00,33.3 ¢/oz
Pacific Pearl Fancy Smoked Oysters in Water 3.75 oz,Canned & Jarred Seafood,2.83,$2.83,75.5 ¢/oz
"Wild Planet Wild Sardines in Sea Salt Water , 4.4 oz Can",Canned & Jarred Seafood,3.12,$3.12,70.9 ¢/oz
"Polar Salad Crabmeat, 5 oz Can  Wild-Caught Real Crab Meat for Salads, Pasta & Seafood Recipes",Canned & Jarred Seafood,2.58,$2.58,51.6 ¢/oz
"Bumble Bee Hickory Smoke Flavored Light Tuna, Wild Caught, Gluten Free, 19g Protein per Serving, Ready to Eat, No Draining, Shelf Stable Pull Tab Can, 3 oz",Canned & Jarred Seafood,1,$1.00,33.3 ¢/oz
Chicken of the Sea Wild Caught Alaskan Pink Salmon in Spring Water Packet 2.5 oz,Canned & Jarred Seafood,1.54,$1.54,61.6 ¢/oz
Pacific Pearl Fancy Smoked Oysters in Oil 3.75 oz,Oysters,2.83,$2.83,75.5 ¢/oz
"Frozen Wild Coldwater Salad Shrimp, 1 lb Bag (350-500 Count per lb), Contains Shellfish",Shrimp & Prawns,7.62,$7.62,$7.62/lb
"Bumble Bee Sardines in Water with No Salt Added, Wild Caught, Gluten Free, 12g Protein per Serving, Shelf Stable Tin Can, 3.75 oz",Canned & Jarred Seafood,1.18,$1.18,31.5 ¢/oz
"(2 pack) Brunswick Kippered Seafood Snack, Wild Caught Herring Fillets, Gluten Free, 18g Protein per Serving, Shelf Stable Tin Can, 3.53 oz",Canned & Jarred Seafood,3.64,$3.64,51.6 ¢/oz
"El Mexicano Sardines Picante, Spicy Tomato Sauce, 15 oz Can",Canned & Jarred Seafood,2.44,$2.44,16.3 ¢/oz
"Great Value Premium Skinless & Boneless Smoked Pink Salmon, 2.5 oz",Canned & Jarred Seafood,1.87,$1.87,74.8 ¢/oz
"Starkist Tuna Creations Cracked Pepper with Roasted Garlic, 2.6 oz Pouch",Canned & Jarred Seafood,1.28,$1.28,49.2 ¢/oz
"StarKist Tuna Creations, Deli Style Tuna Salad, 3 oz Pouch",Canned & Jarred Seafood,1.28,$1.28,42.7 ¢/oz
"(6 pack) MW Polar Smoked Boneless Herring Kipper Snacks, 3.53 oz",Canned & Jarred Seafood,13.08,$13.08,61.8 ¢/oz
"Great Value Frozen Cooked Large Peeled Deveined Tail-on Shrimp, (31-40 Count per lb), 2lb, Value Bag, Contains Shellfish",Shrimp & Prawns,18.97,$18.97,59.3 ¢/oz
"MW Polar Smoked Boneless Herring Kipper Snacks, 3.53 oz",Canned & Jarred Seafood,2.18,$2.18,61.8 ¢/oz
"Bumble Bee Skinless & Boneless Smoked Trout Fillets, Gluten Free, 17g Protein per Serving, Ready to Eat, Shelf Stable Tin Can, 3.8 oz",Canned & Jarred Seafood,4.74,$4.74,$1.25/oz
"Gortons Butterfly Shrimp, Whole Shrimp, Breaded with Crunchy Panko Breadcrumbs, Frozen, 9.2 Ounce Package",Packaged Appetizers,6.16,$6.16,67.0 ¢/oz
"Chicken of the Sea Wild Caught Alaskan Pink Salmon, Everything Bagel Seasoning Packet 2.5 oz",Canned & Jarred Seafood,1.54,$1.54,61.6 ¢/oz
"California Girl Sardines, In Tomato Sauce, 15 Oz",Canned & Jarred Seafood,2.08,$2.08,13.9 ¢/oz
"StarKist Selects E.V.O.O. Solid Yellowfin/Light Tuna in Extra Virgin Olive Oil, 4.5 oz Can, Packaging May Vary",Canned & Jarred Seafood,2.28,$2.28,50.7 ¢/oz
"Great Value Frozen Cooked Peeled, Tail-off Salad Shrimp, 32 oz Bag (250-350 Count per lb)",Shrimp & Prawns,13.66,$13.66,42.7 ¢/oz
Chicken of the Sea Wild Caught Sardines in Louisiana Hot Sauce 3.75 oz.,Canned & Jarred Seafood,1.43,$1.43,37.6 ¢/oz
(2 pack) Genova Premium Yellowfin Tuna in Olive Oil 5 oz,Canned & Jarred Seafood,6,$6.00,60.0 ¢/oz
"StarKist Selects Chunk White Albacore Tuna in Water, No Salt Added, 4.5 oz Can",Canned & Jarred Seafood,1.98,$1.98,44.0 ¢/oz
"Great Value Herb and Garlic Chunk Light Tuna, 2.6 oz Pouch",Canned & Jarred Seafood,0.94,$0.94,36.2 ¢/oz
"StarKist Tuna Creations, Herb and Garlic, 2.6 oz Pouch",Canned & Jarred Seafood,1.28,$1.28,49.2 ¢/oz
"Frozen Wild Gulf Medium 41-60 Raw Shrimp, Peeled and Deveined, 16 oz Bag",Shrimp & Prawns,9.86,$9.86,61.6 ¢/oz
"Bumble Bee Wild Caught Sardines in Water, Gluten Free, 12g Protein per Serving, Clean Ingredients, Kosher, Shelf Stable Tin Can, 3.75 oz",Canned & Jarred Seafood,1.18,$1.18,31.5 ¢/oz
"StarKist Tuna Creations, Sweet and Spicy, 2.6oz Pouch",Canned & Jarred Seafood,1.28,$1.28,49.2 ¢/oz
"Great Value Cooked X-Large Shrimp Ring with Cocktail Sauce, 20 oz, Frozen",Shrimp & Prawns,16.24,$16.24,81.2 ¢/oz
"Great Value Breaded Fish Sticks, 24.7 oz, 44 Count",Packaged Meals,5.72,$5.72,23.2 ¢/oz
"StarKist Tuna Creations, BOLD Jalapeno, 14g Protein, 2.6 oz Pouch",Canned & Jarred Seafood,1.28,$1.28,49.2 ¢/oz
"Chicken of the Sea Wild Caught Alaskan Pink Salmon, Skinless & Boneless 5 oz",Canned & Jarred Seafood,2.08,$2.08,41.6 ¢/oz
"Polar Fancy Lump Crab Meat, 5 oz, Good Source of Protein",Canned & Jarred Seafood,4.66,$4.66,93.2 ¢/oz
"(2 pack) Polar Fancy Lump Crab Meat, 5 oz, Good Source of Protein",Canned & Jarred Seafood,9.32,$9.32,93.2 ¢/oz
"StarKist Light Tuna in Water, 17g Protein, 2.6 oz Pouch",Canned & Jarred Seafood,1.28,$1.28,49.2 ¢/oz
"Geisha Whole Baby Clams, 10 Oz (283g), in a Can",Canned & Jarred Seafood,2.73,$2.73,27.3 ¢/oz
"Crown Prince Flat Anchovies in Pure Olive Oil, 2 oz Can",Canned & Jarred Seafood,2.54,$2.54,$1.27/oz
"Ligo Sardines Red in Tomato Sauce with Chili Added, 5.5 oz Can",Canned & Jarred Seafood,1.46,$1.46,26.5 ¢/oz
Genova Premium Yellowfin Tuna in Extra Virgin Olive Oil 5 oz Can,Canned & Jarred Seafood,3.12,$3.12,62.4 ¢/oz
King Oscar Tiny Tots Wild Caught Sardines in Extra Virgin Olive Oil 3.75 ounces,Canned & Jarred Seafood,3.76,$3.76,$1.00/oz
"Bumble Bee Applewood Smoke Naturally Flavored Light Tuna, Wild Caught, Gluten Free, 15g Protein per Serving, Ready to Eat, Shelf Stable Pouch, 2.5 oz",Canned & Jarred Seafood,1.16,$1.16,46.4 ¢/oz
"StarKist Chunk Light Tuna in Water, 5 oz, 8 Cans",Canned & Jarred Seafood,7.97,$7.97,19.9 ¢/oz
"(6 pack) Great Value Sardines in Water, 3.75 oz",Canned & Jarred Seafood,7.08,$7.08,31.5 ¢/oz
"Bumble Bee Jalapeno Seasoned Light Tuna, Wild Caught, Gluten Free, 14g Protein per Serving, Ready to Eat, Shelf Stable Pouch, 2.5 oz",Canned & Jarred Seafood,1.16,$1.16,46.4 ¢/oz
"Chicken of the Sea Wild Caught Light Tuna Packet, Franks RedHot 2.5 oz",Canned & Jarred Seafood,1,$1.00,40.0 ¢/oz
King Oscar Wild Caught Skinless & Boneless Mackerel in Olive Oil 4.05 oz,Canned & Jarred Seafood,3.76,$3.76,92.8 ¢/oz
"Chicken of the Sea Wild Caught Alaskan Pink Salmon, Traditional Style 14.75 oz",Canned & Jarred Seafood,4.18,$4.18,28.3 ¢/oz
"(6 pack) Great Value Chunk Light Tuna in Water, 2.6 oz Pouch",Canned & Jarred Seafood,5.64,$5.64,36.2 ¢/oz
"StarKist Tuna Creations, Lemon Pepper, 16g Protein, 2.6 oz Pouch",Canned & Jarred Seafood,1.28,$1.28,49.2 ¢/oz
"Gortons Crunchy Breaded Fish Portions, Wild Caught Pollock with Crunchy Panko Breadcrumbs, Frozen, 26 Count, 50 Ounce Resealable Bag",Packaged Appetizers,15.22,$15.22,30.4 ¢/oz
"StarKist E.V.O.O. Solid Yellowfin/Light Tuna in Extra Virgin Olive Oil, Lemon Dill, 4.5 oz Can, Packaging May Vary",Canned & Jarred Seafood,2.28,$2.28,50.7 ¢/oz
"(4 pack) Bumble Bee Pink Salmon, Wild Caught, Gluten Free, 18g Protein per Serving, Ready to Eat, Shelf Stable Can, 14.75oz",Canned & Jarred Seafood,15.44,$15.44,26.2 ¢/oz
"Bumble Bee Wild Caught Sardines in Mustard Sauce, Gluten Free, 18g Protein Per Serving, Kosher, Shelf Stable Tin Can, 3.75 oz",Canned & Jarred Seafood,1.18,$1.18,31.5 ¢/oz
"Bumble Bee Medium Canned Shrimp, Gluten Free, 22g Protein Per Serving, Ready to Eat, Shelf Stable Can, 6 oz",Canned & Jarred Seafood,5.84,$5.84,97.3 ¢/oz
"Bumble Bee Light Tuna Salad, Wild Caught, Gluten Free, 9g Protein per Serving, Ready to Eat, No Draining, Shelf Stable Pull Tab Can, 3 oz",Canned & Jarred Seafood,1,$1.00,33.3 ¢/oz
California Girl Cal Girl Pacific Premium Mackerel,Canned & Jarred Seafood,1.92,$1.92,12.8 ¢/oz
"Dolores Tuna in Oil, Chunk Light Yellowfin Tuna in Vegetable Oil, 10.4 oz Can",Canned & Jarred Seafood,3.97,$3.97,38.2 ¢/oz
"bettergoods Mediterranean Tuna Salad Bowl, MSC Certified, 5.64 oz",Canned & Jarred Seafood,2.98,$2.98,52.8 ¢/oz
"Bumble Bee Spicy Thai Chili Seasoned Light Tuna, Wild Caught, Gluten Free, 15g Protein Per Serving, Shelf Stable Pouch, 2.5 oz",Canned & Jarred Seafood,1.16,$1.16,46.4 ¢/oz
"Great Value Chunk Light Tuna in Water, 12 oz",Canned & Jarred Seafood,2.54,$2.54,21.2 ¢/oz
"Great Value Ranch Chunk Light Tuna, 2.6 oz Pouch",Canned & Jarred Seafood,0.94,$0.94,36.2 ¢/oz
"StarKist Chunk Light Tuna in Oil, 5 oz Can",Canned & Jarred Seafood,0.96,$0.96,19.2 ¢/oz
"StarKist Lunch-to-Go Mix Your Own Tuna Salad Kit, 4.5 oz. Box",Canned & Jarred Seafood,1.98,$1.98,44.0 ¢/oz
"StarKist Tuna Creations, Hickory Smoked, 17g Protein, 2.6 Ounce Pouch",Canned & Jarred Seafood,1.28,$1.28,49.2 ¢/oz
"Bumble Bee Smoke Flavored Coho Salmon Fillets in Oil, 3.75 oz",Canned & Jarred Seafood,3.82,$3.82,$1.02/oz
"Great Value Frozen Cooked Extra Small Peeled & Deveined, Shrimp Value Bag, 24 oz (100-150 Count per lb)",Shrimp & Prawns,14.64,$14.64,61.0 ¢/oz
"(3 pack) StarKist Tuna Creations, Deli Style Tuna Salad, 3 oz Pouch",Canned & Jarred Seafood,3.84,$3.84,42.7 ¢/oz
"El Mexicano Sardines in Tomato Sauce, 15 oz Can",Canned & Jarred Seafood,2.44,$2.44,16.3 ¢/oz
(3 pack) Chicken of the Sea Wild Caught Jack Mackerel in Brine 15 oz,Canned & Jarred Seafood,8.58,$8.58,19.1 ¢/oz
"(2 pack) Bumble Bee Wild Caught Red Sockeye Salmon, Gluten Free, 20g Protein Per Serving, Shelf Stable Can, 14.75 oz",Canned & Jarred Seafood,19.28,$19.28,65.4 ¢/oz
"Roland Anchovy Fillets in Olive Oil, Allergens not Contained, 4.2oz Glass Jar",Canned & Jarred Seafood,4.58,$4.58,$1.08/oz
"(2 pack) Safe Catch Wild Ahi Yellowfin Tuna, 3 oz Pouch  Mercury Tested Wild Tuna with 26g Protein",Canned & Jarred Seafood,6.36,$6.36,$1.06/oz
"StarKist Tuna Creations Bold Thai Chili Style, 2.6 oz Pouch",Canned & Jarred Seafood,1.28,$1.28,49.2 ¢/oz
"Great Value Sardines in Mustard Sauce, 3.75 oz",Canned & Jarred Seafood,1.18,$1.18,31.1 ¢/oz
"Great Value Sardines in Louisiana Hot Sauce, 3.75 oz",Canned & Jarred Seafood,1.18,$1.18,31.5 ¢/oz
"(Pack of 4) Bumble Bee Chunk Light Tuna in Water, Wild Caught, Gluten Free, 23g Protein Per Serving, Shelf Stable Can, 5 oz",Canned & Jarred Seafood,4.64,$4.64,23.2 ¢/oz
Chicken of the Sea Wild Caught Sardines in Water 3.75 oz,Canned & Jarred Seafood,1,$1.00,26.7 ¢/oz
"Bumble Bee Pink Salmon, Wild Caught, Gluten Free, 18g Protein per Serving, Ready to Eat, Shelf Stable Can, 14.75oz",Canned & Jarred Seafood,3.86,$3.86,26.2 ¢/oz
"California Girl Tiny Cocktail Shrimp, 4 oz",Canned & Jarred Seafood,3.52,$3.52,88.0 ¢/oz
"Chicken of the Sea Wild Caught Smoked Alaskan Pink Salmon Packet, Natural Wood Smoke Flavor 3 oz",Canned & Jarred Seafood,2.58,$2.58,86.0 ¢/oz
"Wild Planet Wild Sardines in Extra Virgin Olive Oil, Lightly Smoked, 4.4 oz Can",Canned & Jarred Seafood,3.12,$3.12,70.9 ¢/oz
MW Polar Smoked Brisling Sardine in Olive Oil With Plastic Clear Top 4.23 oz.,Canned & Jarred Seafood,2.92,$2.92,69.0 ¢/oz
"Great Value Chunk Light Tuna in Water, 2.6 oz Pouch",Canned & Jarred Seafood,0.94,$0.94,36.2 ¢/oz
"StarKist Albacore White Tuna in Water, 2.6 oz Pouch",Canned & Jarred Seafood,1.97,$1.97,75.8 ¢/oz
"Bumble Bee Solid White Albacore Tuna in Water, Wild Caught, Gluten Free, 29g Protein per Serving, Ready to Eat, Shelf Stable Can, 5 oz",Canned & Jarred Seafood,1.5,$1.50,30.0 ¢/oz
"StarKist Solid White Albacore Tuna in Oil, 19g Protein, 12 oz Can",Canned & Jarred Seafood,3.92,$3.92,32.7 ¢/oz
"Great Value Hot Buffalo Style Chunk Light Tuna, 2.6 oz Pouch",Canned & Jarred Seafood,0.94,$0.94,36.2 ¢/oz
"Dolores Tuna, Chunk Light Yellowfin Tuna in Vegetable Oil, 5 oz Can",Canned & Jarred Seafood,2.18,$2.18,43.6 ¢/oz
"(6 pack) Great Value Sardines in Mustard Sauce, 3.75 oz",Canned & Jarred Seafood,7.08,$7.08,31.5 ¢/oz
StarKist Chunk Light Tuna in Water - 2.6 oz Pouch (8-Pack),Canned & Jarred Seafood,9.48,$9.48,45.6 ¢/oz
"Chicken of the Sea Solid White Pure Albacore Tuna, No Drain 4 oz",Canned & Jarred Seafood,2.27,$2.27,18.9 ¢/oz
"StarKist Tuna Creations, Ranch, 2.6 Ounce Pouch",Canned & Jarred Seafood,1.28,$1.28,49.2 ¢/oz
"StarKist Solid White Albacore Tuna in Water, 5 Ounce Can",Canned & Jarred Seafood,1.72,$1.72,34.4 ¢/oz
"Chicken of the Sea Wild Caught Solid White Pure Tuna, No Drain, Low Sodium 4 oz",Canned & Jarred Seafood,2.27,$2.27,56.8 ¢/oz
"Bumble Bee Chunk Light Tuna in Water, Wild Caught Skipjack Tuna, Gluten Free, 23g Protein Per Serving, Non-GMO, Shelf Stable Can, 5 oz",Canned & Jarred Seafood,1.14,$1.14,22.8 ¢/oz
"Wild Planet Albacore Wild Tuna with Sea Salt, 5 oz Can",Canned & Jarred Seafood,4.47,$4.47,89.4 ¢/oz
"StarKist Chunk Light Tuna in Oil, 12oz Can",Canned & Jarred Seafood,2.58,$2.58,21.5 ¢/oz
"Dolores Tuna in Water, Chunk Light Yellowfin Tuna in Water, 5 oz Can",Canned & Jarred Seafood,2.18,$2.18,43.6 ¢/oz
"(6 pack) StarKist Tuna Creations, Sweet and Spicy, 2.6oz Pouch",Canned & Jarred Seafood,7.68,$7.68,49.2 ¢/oz
(3 pack) MW Polar Smoked Brisling Sardine in Olive Oil With Plastic Clear Top 4.23 oz.,Canned & Jarred Seafood,8.76,$8.76,69.0 ¢/oz
"Polar, Skinless and Boneless Salmon Fillets in Brine, 7.05 oz",Canned & Jarred Seafood,5.22,$5.22,74.0 ¢/oz
StarKist Chunk Light Tuna in Water 5 oz Can,Canned & Jarred Seafood,0.96,$0.96,19.2 ¢/oz
"Ligo Sardines Green in Tomato Sauce, 5.5 oz Can",Canned & Jarred Seafood,1.46,$1.46,26.5 ¢/oz
"(2 pack) Chicken of the Sea Wild Caught Alaskan Pink Salmon, Skinless & Boneless 5 oz",Canned & Jarred Seafood,4.16,$4.16,41.6 ¢/oz
"Chicken of the Sea Chunk Light Tuna in Water, 12 oz Can",Canned & Jarred Seafood,2.58,$2.58,21.5 ¢/oz
"(2 pack) StarKist Chunk Light Tuna in Water, 12 oz",Canned & Jarred Seafood,5.16,$5.16,21.5 ¢/oz
"Great Value Chunk Light Tuna, Lemon Pepper, 2.6 oz Pouch",Canned & Jarred Seafood,0.94,$0.94,36.2 ¢/oz
"(6 pack) StarKist Tuna Creations, Hickory Smoked, 17g Protein, 2.6 Ounce Pouch",Canned & Jarred Seafood,7.68,$7.68,49.2 ¢/oz
"bettergoods Mexican Tuna Salad Bowl, MSC Certified, 5.64 oz",Canned & Jarred Seafood,2.98,$2.98,52.8 ¢/oz
"(3 pack) StarKist Light Tuna in Water, 17g Protein, 2.6 oz Pouch",Canned & Jarred Seafood,3.84,$3.84,49.2 ¢/oz
"Roland Tiny Peeled Shrimp, 7oz",Canned & Jarred Seafood,3.58,$3.58,51.1 ¢/oz
"(3 pack) Chicken of the Sea Wild Caught Alaskan Pink Salmon, Traditional Style 14.75 oz",Canned & Jarred Seafood,12.54,$12.54,28.3 ¢/oz
"(5 pack) Ligo Sardines Red in Tomato Sauce with Chili Added, 5.5 oz Can",Canned & Jarred Seafood,7.3,$7.30,26.5 ¢/oz
(3 pack) Pacific Pearl Fancy Smoked Oysters in Water 3.75 oz,Canned & Jarred Seafood,8.49,$8.49,75.5 ¢/oz
"(6 pack) Great Value Sardines in Louisiana Hot Sauce, 3.75 oz",Canned & Jarred Seafood,7.08,$7.08,31.5 ¢/oz
"OLD BAY Kosher Classic Seafood Seasoning, 6.0 oz Can",Mixed Spices & Seasonings,3.98,$3.98,66.3 ¢/oz
Chicken of the Sea Solid White Premium Albacore Tuna in Water 12 oz,Canned & Jarred Seafood,3.86,$3.86,32.2 ¢/oz
"Bumble Bee Snack on The Run Tuna Salad with Crackers Kit, Wild Caught, Ready to Eat, 8g Protein per Serving, Shelf Stable Box, 3.5 oz (Pack of 3)",Canned & Jarred Seafood,5.27,$5.27,50.2 ¢/oz
"Deming's Wild Alaskan Red Sockeye Salmon, 7.5 oz, No Allergens",Canned & Jarred Seafood,5.17,$5.17,68.9 ¢/oz
"Bumble Bee Chunk Light Tuna in Water, 12 oz can",Canned & Jarred Seafood,2.38,$2.38,19.8 ¢/oz
"StarKist E.V.O.O. Solid Yellowfin/Light Tuna with Roasted Garlic in Extra Virgin Olive Oil, 28g Protein, 4.5 oz Can",Canned & Jarred Seafood,2.28,$2.28,50.7 ¢/oz
"(4 pack) Chicken of the Sea Wild Caught Sardines in Oil, Lightly Smoked 3.75 oz",Canned & Jarred Seafood,4.72,$4.72,31.5 ¢/oz
"Bumble Bee Snack on The Run Everything Bagel Seasoned Tuna Salad with Crackers Kit, Wild Caught, Ready to Eat, Shelf Stable Box, 3.35oz",Canned & Jarred Seafood,1.48,$1.48,44.2 ¢/oz
"(4 pack) Crown Prince Fancy Whole Smoked Oysters in Cottonseed Oil, 3.75 oz Can",Canned & Jarred Seafood,14.32,$14.32,95.5 ¢/oz
(3 pack) California Girl Cal Girl Pacific Premium Mackerel,Canned & Jarred Seafood,5.76,$5.76,12.8 ¢/oz
"Bumble Bee Chunk White Albacore Tuna in Water, Wild Caught, Gluten Free, 23g Protein per Serving, Shelf Stable Can, 5 oz",Canned & Jarred Seafood,1.54,$1.54,30.8 ¢/oz
"Bumble Bee Skinless and Boneless Canned Pink Salmon, Wild Caught, Gluten Free, 20g Protein Per Serving, Ready to Eat, Shelf Stable Can, 5oz",Canned & Jarred Seafood,2.33,$2.33,46.6 ¢/oz
"(6 pack) Dolores Tuna in Oil, Chunk Light Yellowfin Tuna in Vegetable Oil, 10.4 oz Can",Canned & Jarred Seafood,23.82,$23.82,38.2 ¢/oz
"(4 pack) Bumble Bee Jalapeno Seasoned Light Tuna, Wild Caught, Gluten Free, 14g Protein per Serving, Ready to Eat, Shelf Stable Pouch, 2.5 oz",Canned & Jarred Seafood,4.64,$4.64,46.4 ¢/oz
(2 pack) Genova Premium Yellowfin Tuna in Extra Virgin Olive Oil 5 oz Can,Canned & Jarred Seafood,6.24,$6.24,62.4 ¢/oz
"(3 pack) Wild Planet Albacore Wild Tuna with Sea Salt, 5 oz Can",Canned & Jarred Seafood,13.41,$13.41,89.4 ¢/oz
"StarKist Chunk White Albacore Tuna in Water, 22g Protein, 5 oz Can",Canned & Jarred Seafood,1.28,$1.28,25.6 ¢/oz
"Bumble Bee Solid White Albacore Tuna in Water, Wild Caught, Gluten Free, 22g Protein per Serving, Ready to Eat, Shelf Stable Can, 12 oz",Canned & Jarred Seafood,3.54,$3.54,29.5 ¢/oz
"(4 pack) Bumble Bee Lemon & Pepper Seasoned Tuna, Wild Caught, Ready to Eat, Gluten Free, 17g of Protein per Serving, Shelf Stable Pouch, 2.5 oz",Canned & Jarred Seafood,4.64,$4.64,46.4 ¢/oz
"(6 pack) Snow's Wild Caught Minced Clams in Clam Juice, Gluten Free, 5g Protein per Serving, 99% Fat Free, Shelf Stable Can, 6.5 oz",Canned & Jarred Seafood,15.48,$15.48,39.7 ¢/oz
"(3 pack) StarKist Solid White Albacore Tuna in Water, 5 Ounce Can",Canned & Jarred Seafood,5.16,$5.16,34.4 ¢/oz
"(3 pack) Ocean's Wild Alaskan Pink Salmon, Shakshuka, 12g Protein, Shelf-Stable, 3.17 oz Pouch",Canned & Jarred Seafood,8.16,$8.16,85.8 ¢/oz
"Captn's Pride Frozen Assorted Fish Cake Mix, 12 oz (340g)",Fresh & Frozen Seafood,5.43,$5.43,45.3 ¢/oz
"Great Value Premium Wild Caught Chunk Light Tuna in Water, 6.4 oz, Pouch",Canned & Jarred Seafood,2.74,$2.74,42.8 ¢/oz
"(6 pack) StarKist Tuna Creations, Herb and Garlic, 2.6 oz Pouch",Canned & Jarred Seafood,7.68,$7.68,49.2 ¢/oz
"(6 pack) Wild Planet Wild Sardines in Sea Salt Water , 4.4 oz Can",Canned & Jarred Seafood,18.72,$18.72,70.9 ¢/oz
"Great Value Solid White Albacore Tuna in Water, 5 oz",Canned & Jarred Seafood,2.08,$2.08,41.6 ¢/oz
"(3 pack) Chicken of the Sea Solid White Pure Albacore Tuna, No Drain 4 oz",Canned & Jarred Seafood,6.81,$6.81,18.9 ¢/oz
Genova Premium Yellowfin Tuna in Olive Oil 5 oz,Canned & Jarred Seafood,3,$3.00,60.0 ¢/oz
"Starkist Solid White Albacore Tuna In Water 25% Less Sodium, 5 oz can",Canned & Jarred Seafood,1.72,$1.72,34.4 ¢/oz
"(3 pack) California Girl Sardines, In Tomato Sauce, 15 Oz",Canned & Jarred Seafood,6.24,$6.24,13.9 ¢/oz
"StarKist Solid White Albacore Tuna in Water , 5 oz Can, 4-Pack",Canned & Jarred Seafood,5.48,$5.48,27.4 ¢/oz
Chicken of the Sea Chunk Light Tuna in Water 25% Less Sodium 5 oz,Canned & Jarred Seafood,1.16,$1.16,23.2 ¢/oz
(4 pack) Pacific Pearl Fancy Smoked Oysters in Oil 3.75 oz,Canned & Jarred Seafood,11.32,$11.32,75.5 ¢/oz
"(2 pack) Bumble Bee Low Sodium Solid White Albacore in Water, Wild Caught, Gluten Free, 29g Protein per Serving, Shelf Stable Can, 5oz",Canned & Jarred Seafood,3.16,$3.16,31.6 ¢/oz
"(6 pack) StarKist Tuna Creations, BOLD Jalapeno, 14g Protein, 2.6 oz Pouch",Canned & Jarred Seafood,7.68,$7.68,49.2 ¢/oz
Sea Tales Skipjack tuna MSC 5 oz in water,Canned & Jarred Seafood,3.54,$3.54,70.8 ¢/oz
"(3 pack) Bumble Bee Solid White Albacore Tuna in Water, Wild Caught, Gluten Free, 22g Protein per Serving, Ready to Eat, Shelf Stable Can, 12 oz",Canned & Jarred Seafood,10.62,$10.62,29.5 ¢/oz
"(6 pack) StarKist Albacore White Tuna in Water, 2.6 oz Pouch",Canned & Jarred Seafood,11.82,$11.82,75.8 ¢/oz
Sea Tales Albacore tuna MSC 5 oz in water,Canned & Jarred Seafood,5.23,$5.23,$1.05/oz
"(4 pack) Great Value Premium Skinless & Boneless Smoked Pink Salmon, 2.5 oz",Canned & Jarred Seafood,7.48,$7.48,74.8 ¢/oz
"Bumble Bee Prime Solid White Albacore Tuna in Water, Wild Caught, Gluten Free, 32g Protein Per Serving, Shelf Stable Can, 5 oz",Canned & Jarred Seafood,2.58,$2.58,51.6 ¢/oz
"Starkist Solid White Albacore Tuna In Oil, 5 oz Can",Canned & Jarred Seafood,1.72,$1.72,34.4 ¢/oz
"(2 pack) Bumble Bee Chunk White Albacore Tuna in Water, Wild Caught, Gluten Free, 16g Protein per Serving, Ready to Eat, Shelf Stable Pouch, 2.5 oz",Packaged Side Dishes,3.44,$3.44,68.8 ¢/oz
"(4 pack) StarKist E.V.O.O. Solid Yellowfin/Light Tuna with Roasted Garlic in Extra Virgin Olive Oil, 28g Protein, 4.5 oz Can",Canned & Jarred Seafood,9.12,$9.12,50.7 ¢/oz
"StarKist Chunk Light Tuna in Water, 12 oz",Canned & Jarred Seafood,2.58,$2.58,21.5 ¢/oz
"StarKist Chunk White Albacore Tuna in Water, 22g Protein, 12 oz Can",Canned & Jarred Seafood,3,$3.00,25.0 ¢/oz
(6 pack) Chicken of the Sea Chunk Light Tuna in Water 25% Less Sodium 5 oz,Canned & Jarred Seafood,6.96,$6.96,23.2 ¢/oz
"Bumble Bee Prime Fillet Low Sodium Solid White Albacore Tuna in Water, Wild Caught, Gluten Free, 32g Protein per Serving, Shelf Stable Can, 5oz",Canned & Jarred Seafood,2.58,$2.58,51.6 ¢/oz
"Bumble Bee Chunk White Albacore Tuna in Water, Wild Caught, Gluten Free, 18g Protein Per Serving, Shelf Stable Can, 12oz",Canned & Jarred Seafood,2.52,$2.52,21.0 ¢/oz
StarKist Chunk White Albacore Tuna in Water - 5 oz Can (4-Pack),Canned & Jarred Seafood,5.12,$5.12,25.6 ¢/oz
"Bumble Bee Light Tuna in Water, Wild Caught, Gluten Free, 16g Protein per Serving, Ready to Eat, Shelf Stable Pouch, 2.5 oz",Canned & Jarred Seafood,1.16,$1.16,46.4 ¢/oz
Chicken of the Sea Chunk Light Tuna in Oil 12 oz,Canned & Jarred Seafood,2.58,$2.58,21.5 ¢/oz
"(3 pack) (Pack of 4) Bumble Bee Chunk Light Tuna in Water, Wild Caught, Gluten Free, 23g Protein Per Serving, Shelf Stable Can, 5 oz",Canned & Jarred Seafood,13.92,$13.92,23.2 ¢/oz
"(6 pack) StarKist Tuna Creations Bold Thai Chili Style, 2.6 oz Pouch",Canned & Jarred Seafood,7.68,$7.68,49.2 ¢/oz
"(4 pack) Chicken of the Sea Wild Caught Alaskan Pink Salmon in Spring Water, Low Sodium Packet 2.5 oz",Canned & Jarred Seafood,6.96,$6.96,69.6 ¢/oz
"(4 pack) Bumble Bee Prime Solid White Albacore Tuna in Water, Wild Caught, Gluten Free, 32g Protein Per Serving, Shelf Stable Can, 5 oz",Canned & Jarred Seafood,9.92,$9.92,49.6 ¢/oz
Chicken of the Sea Chunk Light Tuna in Oil 5 oz,Canned & Jarred Seafood,1.16,$1.16,23.2 ¢/oz
"Great Value Frozen Traditional Hushpuppies, 1.5 lb Bag",Packaged Side Dishes,5.94,$5.94,24.8 ¢/oz
"(6 pack) Dolores Tuna in Water, Chunk Light Yellowfin Tuna in Water, 5 oz Can",Canned & Jarred Seafood,13.08,$13.08,43.6 ¢/oz
"(3 pack) Wild Planet Wild Sardines in Extra Virgin Olive Oil, Lightly Smoked, 4.4 oz Can",Canned & Jarred Seafood,9.36,$9.36,70.9 ¢/oz
"(6 pack) Safe Catch Wild Skinless & Boneless Sardines in Extra Virgin Olive Oil, 4.4 oz  Mercury Tested Sardines in Olive Oil",Canned & Jarred Seafood,18.72,$18.72,70.9 ¢/oz
"(3 pack) StarKist Chunk Light Tuna in Oil, 12oz Can",Canned & Jarred Seafood,7.74,$7.74,21.5 ¢/oz
"Bumble Bee Chunk Light Tuna in Vegetable Oil, Wild Caught Skipjack Tuna, Gluten Free, 17g Protein Per Serving, Shelf Stable Can, 12 oz",Canned & Jarred Seafood,2.38,$2.38,19.8 ¢/oz
"(8 pack) Great Value Hot Buffalo Style Chunk Light Tuna, 2.6 oz Pouch",Canned & Jarred Seafood,7.52,$7.52,36.2 ¢/oz
"Bumble Bee Chunk White Albacore Tuna in Water, Wild Caught, Gluten Free, 16g Protein per Serving, Ready to Eat, Shelf Stable Pouch, 2.5 oz",Canned & Jarred Seafood,1.72,$1.72,68.8 ¢/oz
(3 pack) Sea Tales Anchovy Fillets MSC 1.6 Oz In Olive Oil,Canned & Jarred Seafood,12.54,$12.54,$2.61/oz
"(4 pack) Roland Tiny Peeled Shrimp, 7oz",Canned & Jarred Seafood,14.32,$14.32,51.1 ¢/oz
(3 pack) StarKist Solid White Albacore Tuna in Water 12 oz. Can,Canned & Jarred Seafood,11.76,$11.76,32.7 ¢/oz
"(6 pack) (6 pack) Dolores Tuna, Chunk Light Yellowfin Tuna in Vegetable Oil, 5 oz Can",Canned & Jarred Seafood,13.08,$13.08,43.6 ¢/oz
"(4 pack) Geisha Cold Smoked Oysters, In Sunflower oil, 3.75 Oz (106g), Ready to Eat in an Easy Open Can",Canned & Jarred Seafood,9.04,$9.04,60.3 ¢/oz
"(2 pack) Bumble Bee Skinless and Boneless Canned Pink Salmon, Wild Caught, Gluten Free, 20g Protein Per Serving, Ready to Eat, Shelf Stable Can, 5oz",Canned & Jarred Seafood,4.44,$4.44,44.4 ¢/oz
"Purina Friskies Pate Seafood Favorites Variety Pack, Wet Cat Food, 5.5 oz Cans, 32 Pack",Cat Food,26.47,$26.47,15.0 ¢/oz
"Dolores Tuna in Water, Chunk Light Yellowfin Tuna in Water, 10.4 oz Aluminum Can",Canned & Jarred Seafood,3.97,$3.97,38.2 ¢/oz
(2 pack) Sea Tales Skipjack tuna MSC 5 oz in water,Canned & Jarred Seafood,7.08,$7.08,70.8 ¢/oz
"Bumble Bee Chunk Light Tuna in Vegetable Oil, Wild Caught Skipjack Tuna, Gluten Free, 22g Protein Per Serving, Non-GMO, Shelf Stable Can, 5 oz",Canned & Jarred Seafood,1.14,$1.14,22.8 ¢/oz
"(4 pack) Chicken of the Sea Chunk Light Tuna in Water, 12 oz Can",Canned & Jarred Seafood,10.32,$10.32,21.5 ¢/oz
"(6 pack) Great Value Solid White Albacore Tuna in Water, 5 oz",Canned & Jarred Seafood,12.48,$12.48,41.6 ¢/oz
"(2 pack) Bumble Bee Chunk Light Tuna in Water, Wild Caught Skipjack Tuna, Gluten Free, 16g Protein per Serving, Shelf Stable Pouch, 2.5oz (Pack of 3)",Canned & Jarred Seafood,6.76,$6.76,45.1 ¢/oz
"(12 pack) Dolores Tuna in Water, Chunk Light Yellowfin Tuna in Water, 5 oz Can",Canned & Jarred Seafood,26.16,$26.16,43.6 ¢/oz
"Bumble Bee Wild Caught Red Sockeye Salmon, Gluten Free, 20g Protein Per Serving, Shelf Stable Can, 14.75 oz",Canned & Jarred Seafood,9.64,$9.64,65.4 ¢/oz
"(4 pack) Great Value Chunk Style Pink Salmon Skinless Boneless, 5 oz",Canned & Jarred Seafood,8,$8.00,40.0 ¢/oz
"(6 pack) Great Value Premium Wild Caught Chunk Light Tuna in Water, 6.4 oz, Pouch",Canned & Jarred Seafood,16.44,$16.44,42.8 ¢/oz
"(8 pack) Bumble Bee Prime Fillet Low Sodium Solid White Albacore Tuna in Water, Wild Caught, Gluten Free, 32g Protein per Serving, Shelf Stable Can, 5oz",Canned & Jarred Seafood,20.64,$20.64,51.6 ¢/oz
"(2 pack) California Girl Tiny Cocktail Shrimp, 4 oz",Canned & Jarred Seafood,7.04,$7.04,88.0 ¢/oz
"(4 pack) Dolores Tuna in Water, Chunk Light Yellowfin Tuna in Water, 10.4 oz Aluminum Can",Canned & Jarred Seafood,15.88,$15.88,38.2 ¢/oz
"(3 pack) StarKist Solid White Albacore Tuna in Oil, 19g Protein, 12 oz Can",Canned & Jarred Seafood,11.76,$11.76,32.7 ¢/oz
"(3 pack) Geisha Whole Oysters in Water, 8 Oz (226g), Ready to Eat in a Can",Canned & Jarred Seafood,10.5,$10.50,43.8 ¢/oz
"(2 pack) Deming's Wild Alaskan Red Sockeye Salmon, 7.5 oz, No Allergens",Canned & Jarred Seafood,10.34,$10.34,68.9 ¢/oz
(8 pack) Chicken of the Sea Chunk Light Tuna in Oil 12 oz,Canned & Jarred Seafood,20.64,$20.64,21.5 ¢/oz
(2 pack) Sea Tales Albacore tuna MSC 5 oz in water,Canned & Jarred Seafood,10.46,$10.46,$1.05/oz
"(12 pack) Bumble Bee Chunk Light Tuna in Water, Wild Caught Skipjack Tuna, Gluten Free, 23g Protein Per Serving, Non-GMO, Shelf Stable Can, 5 oz",Canned & Jarred Seafood,13.68,$13.68,22.8 ¢/oz
"(5 pack) Starkist Solid White Albacore Tuna In Water 25% Less Sodium, 5 oz can",Canned & Jarred Seafood,8.6,$8.60,34.4 ¢/oz
"(8 pack) StarKist E.V.O.O. Solid Yellowfin/Light Tuna in Extra Virgin Olive Oil, Lemon Dill, 4.5 oz Can, Packaging May Vary",Canned & Jarred Seafood,18.24,$18.24,50.7 ¢/oz
"(10 pack) Chicken of the Sea Wild Caught Smoked Alaskan Pink Salmon Packet, Natural Wood Smoke Flavor 3 oz",Canned & Jarred Seafood,25.8,$25.80,86.0 ¢/oz
"Snow's All Natural Clam Juice, Gluten Free, Shelf Stable Glass Bottle, 8 Fluid oz",Canned & Jarred Seafood,2.46,$2.46,30.8 ¢/fl oz
"Bumble Bee Snack on The Run Chipotle Flavored Tuna Salad with Crackers Kit, 8g Protein per Serving, Ready to Eat, Spoon Included, Shelf Stable Box, 3.5 oz",Packaged Salads,1.48,$1.48,42.3 ¢/oz
StarKist Solid White Albacore Tuna in Water 12 oz. Can,Canned & Jarred Seafood,3.92,$3.92,32.7 ¢/oz
"By Chef Ramsay Fish and Chips, 10 oz (Frozen)",Packaged Meals,5.94,$5.94,59.4 ¢/oz
"(6 pack) Chicken of the Sea Wild Caught Smoked Alaskan Pink Salmon Packet, Natural Wood Smoke Flavor 3 oz",Canned & Jarred Seafood,15.48,$15.48,86.0 ¢/oz
(3 pack) StarKist Chunk White Albacore Tuna in Water - 5 oz Can (4-Pack),Canned & Jarred Seafood,15.36,$15.36,25.6 ¢/oz
"Dolly Parton's Shrimp & Grits With Cheese, Tomatoes, Scallions, Spicy Sauce 11 oz (frozen)",Packaged Meals,3.86,$3.86,35.1 ¢/oz
"Stouffer's Fish Filet Frozen Meal, 9 oz (Frozen)",Packaged Meals,4.97,$4.97,55.2 ¢/oz
"(6 pack) bettergoods Mexican Tuna Salad Bowl, MSC Certified, 5.64 oz",Canned & Jarred Seafood,17.88,$17.88,52.8 ¢/oz
"Zatarain's No Artificial Flavors Frozen Shrimp Alfredo, 10.5 oz Box",Packaged Meals,3.87,$3.87,36.9 ¢/oz
"Purina Friskies Seafood Sensations Dry Cat Food Flavors of Salmon, Tuna, Shrimp and Seaweed, 30 lb Bag",Cat Food,24.82,$24.82,82.7 ¢/lb
"Purina Friskies Seafood Sensations Dry Cat Food Flavors of Salmon, Tuna, Shrimp and Seaweed, 16 lb Bag",Cat Food,14.37,$14.37,89.8 ¢/lb
"Purina Friskies Seafood Sensations Dry Cat Food Flavors of Salmon, Tuna, Shrimp and Seaweed, 22 lb Bag",Cat Food,19.48,$19.48,88.5 ¢/lb
"Purina Friskies Pate, Soft Seafood and Chicken Variety Pack, Wet Cat Food, 5.5 oz Cans, 40 Pack",Cat Food,32.76,$32.76,14.9 ¢/oz
"Special Kitty Gourmet Formula Seafood Blend Flavor Dry Cat Food, 16 lb Bag",Cat Food,11.68,$11.68,73.0 ¢/lb
"Stouffer's Tuna Noodle Casserole Frozen Frozen Meal, 12 oz (Frozen)",Packaged Meals,2.5,$2.50,20.8 ¢/oz
"Great Value Orange Chicken, 26 oz (Frozen)",Chicken,8.26,$8.26,31.8 ¢/oz
"(2 pack) Snow's All Natural Clam Juice, Gluten Free, Shelf Stable Glass Bottle, 8 Fluid oz",Canned & Jarred Seafood,4.92,$4.92,30.8 ¢/fl oz
Killer Hogs Off Shore Buttery Seafood Seasoning 11.1oz,Mixed Spices & Seasonings,10.46,$10.46,94.2 ¢/oz
"Osmo Coastal Catch Seasoning for Seafood, Chef-Crafted Michelin-Star Quality Seasoning, 3.9 oz Powder",Mixed Spices & Seasonings,6.27,$6.27,$1.61/oz
"Lean Cuisine Steak Portabella Microwave Meals for Lunch or Dinner, 7.5 oz (Frozen)",Packaged Meals,3.47,$3.47,46.3 ¢/oz
"Hungry-Man Salisbury Steak, Frozen Meal, 16 oz (Frozen)",Packaged Meals,3.74,$3.74,23.4 ¢/oz
"(8 pack) Maruchan Instant Lunch Ramen Noodles, Lime Chili Flavor with Shrimp, Shelf Stable, 2.25 oz Cup",Packaged Meals,3.84,$3.84,21.3 ¢/oz
"Hungry-Man Smokin' Backyard Barbeque, Frozen Meal, 15.25 oz (Frozen)",Packaged Meals,3.74,$3.74,24.4 ¢/oz
"Deep Indian Kitchen Butter Chicken, 9oz (Frozen Packaged Meal)",Packaged Meals,5.47,$5.47,60.8 ¢/oz
"Stouffers Stuffed Peppers, Large Size, Frozen Stuffed Peppers, Easy Single Frozen Meals 15.5 oz",Packaged Meals,4.97,$4.97,32.1 ¢/oz
"Stouffers Creamed Chipped Beef, Single Serve, Single Frozen Meals 11 oz",Packaged Meals,2.76,$2.76,25.1 ¢/oz
"Banquet MEGA Bowls Country Fried Chicken, Frozen Meal, 14 oz.",Packaged Meals,2.98,$2.98,21.3 ¢/oz
"Stouffers Classic Lasagna with Meat and Sauce, Single Serve, Oven Ready, Frozen Dinners 10.5 oz",Packaged Meals,2.76,$2.76,26.3 ¢/oz
"Marie Callender's Creamy Chicken and Dumplings Bowl, Frozen Meal, 12 oz. (Frozen)",Packaged Meals,2.76,$2.76,23.0 ¢/oz
"Marie Callender's Aged Cheddar Cheesy Chicken and Rice Bowl, Frozen Meal, 12 oz (frozen)",Packaged Meals,2.76,$2.76,23.0 ¢/oz
"Healthy Choice Caf Steamers Four-Cheese Ravioli & Chicken Marinara, Frozen Meal, 10 oz. Bowl",Packaged Meals,1.98,$1.98,19.8 ¢/oz
"By Chef Ramsay Slow-Roasted Beef in Red Wine Sauce, 9.5 oz Bowl (Frozen)",Packaged Meals,5.94,$5.94,62.5 ¢/oz
"Marie Callender's Tender Ginger Beef and Broccoli Bowl, Frozen Meal, 11.8 oz. (Frozen)",Packaged Meals,2.76,$2.76,23.4 ¢/oz
"Marie Callender's Meat Loaf & Gravy, Frozen Meal, 12.4 oz (Frozen)",Packaged Meals,3.48,$3.48,28.1 ¢/oz
"Stouffers Salisbury Steak, Single Serve, Frozen Salisbury Steak, Single Frozen Meals 9.625 oz",Packaged Meals,2.76,$2.76,28.8 ¢/oz
"Banquet MEGA Meats Original Crispy Chicken with Mashed Potatoes, Frozen Meal, 14.25 oz.",Packaged Meals,4.18,$4.18,29.2 ¢/oz
"Yellowstone Jimmy's Cowboy Dinner Beef Chili with Beans Frozen Food Meal, 12 oz (Frozen)",Packaged Meals,5.94,$5.94,49.5 ¢/oz
"Healthy Choice Caf Steamers Pineapple Chicken, Frozen Meal, 9.9 oz. Bowl",Packaged Meals,2.77,$2.77,28.0 ¢/oz
"Healthy Choice Caf Steamers Beef Teriyaki, Frozen Meal, 9.5 oz. Bowl",Packaged Meals,1.98,$1.98,20.8 ¢/oz
"Marie Callender's Country Fried Chicken and Gravy, Frozen Meal, 13.1 oz (Frozen)",Packaged Meals,3.48,$3.48,26.6 ¢/oz
"Healthy Choice Caf Steamers Grilled Chicken Pesto With Vegetables, Frozen Meal, 9.9 oz. Bowl",Packaged Meals,1.98,$1.98,20.0 ¢/oz
"Lillies Q Creole Dirt All-Purpose Rub, 6 oz  Dry Seasoning Rub for Seafood, Blackened Fish & More",Mixed Spices & Seasonings,5.23,$5.23,87.2 ¢/oz
"Marie Callender's Sweet & Citrusy Orange Chicken Bowl, Frozen Meal, 11 oz (frozen)",Packaged Meals,2.76,$2.76,25.1 ¢/oz
"Stouffers Chicken Pesto Rigatoni, Single Serve, Frozen Chicken Pasta, Single Frozen Meal 8.375 oz",Packaged Meals,2.76,$2.76,32.9 ¢/oz
"Yellowstone Rip's Ranch Hand Beef and Cheese Pasta Bake Frozen Food Meal, 14 oz (Frozen)",Packaged Meals,5.94,$5.94,42.4 ¢/oz
"Tai Pei Sweet & Sour Chicken with Vegetable Rice, Frozen Meal, 11 oz",Packaged Meals,3.44,$3.44,31.3 ¢/oz
"Marie Callender's Slow Roasted Beef Pot Roast Bowl, Frozen Meal, 11 oz. (Frozen)",Packaged Meals,2.76,$2.76,25.1 ¢/oz
"Lean Cuisine Five Cheese Rigatoni Microwave Meals for Lunch or Dinner, 10 oz (Frozen)",Packaged Meals,2.94,$2.94,29.4 ¢/oz
"Yellowstone Dutton Family Dinner BBQ Meatloaf and Mashed Potatoes Meal, 13.5 oz (Frozen)",Packaged Meals,5.94,$5.94,44.0 ¢/oz
"Hungry Man Selects Classic Fried Chicken, Frozen Meal, 16 oz (Frozen)",Packaged Meals,5.47,$5.47,34.2 ¢/oz
"Stouffers Classic Meatloaf, Single Serve, Microwave Dinner, Meatloaf Frozen Dinner",Packaged Meals,2.76,$2.76,27.9 ¢/oz
"Stouffers Roast Turkey, Single Serve Frozen Meal, Frozen Turkey Dinner, 9.625 oz (frozen)",Packaged Meals,2.76,$2.76,28.8 ¢/oz
"Hungry-Man Boneless Fried Chicken, 27g Protein Per Serving, Frozen Meal, 16 oz (Frozen)",Packaged Meals,3.74,$3.74,23.4 ¢/oz
"Healthy Choice Simply Steamers Beef & Broccoli, Frozen Meal, 10 oz. Bowl",Packaged Meals,3.42,$3.42,34.2 ¢/oz
"Lean Cuisine Roasted Turkey Breast Microwave Meals for Lunch or Dinner, 9.75 oz (Frozen)",Packaged Meals,2.5,$2.50,25.5 ¢/oz
"Lean Cuisine Herb Roasted Chicken Microwave Meals for Lunch or Dinner, 8 oz (Frozen)",Packaged Meals,3.47,$3.47,43.4 ¢/oz
"Healthy Choice Caf Steamers Beef Merlot, Frozen Meal, 9.5 oz. Bowl",Packaged Meals,1.98,$1.98,20.8 ¢/oz
"Lean Cuisine Chicken Teriyaki Bowls Microwave Meals for Lunch or Dinner, 11 oz (Frozen)",Packaged Meals,4.14,$4.14,48.7 ¢/oz
"Marie Callenders Sweet and Sour Chicken, Frozen Meal, 14 oz (Frozen)",Packaged Meals,3.48,$3.48,24.9 ¢/oz
"Hungry-Man Carved White Meat Roasted Turkey, Frozen Meal, 16 oz (Frozen)",Packaged Meals,3.74,$3.74,23.4 ¢/oz
"Healthy Choice Caf Steamers Chicken Alfredo, Frozen Meal, 9.25 oz. Bowl",Packaged Meals,2.77,$2.77,29.9 ¢/oz
"Healthy Choice Caf Steamers Sweet & Sour Chicken, Frozen Meal, 10 oz. Bowl",Packaged Meals,1.98,$1.98,19.8 ¢/oz
"Banquet Chicken Strips with Mac and Cheese, Frozen Meal, 8.9 oz.",Packaged Meals,1.87,$1.87,21.0 ¢/oz
"Banquet Chicken Fried Chicken with Mashed Potatoes, Frozen Meal, 10.1 oz.",Packaged Meals,1.87,$1.87,18.5 ¢/oz
"Banquet Sweet & Sour Chicken, Frozen Meal, 9.25 oz.",Packaged Meals,1.87,$1.87,20.1 ¢/oz
"Lean Cuisine Meatloaf with Mashed Potatoes Microwave Meals for Lunch or Dinner, 9.375 oz (Frozen)",Packaged Meals,3.47,$3.47,36.9 ¢/oz
"Lean Cuisine White Cheddar Mac and Cheese Microwave Meals for Lunch or Dinner, 8 oz (Frozen)",Packaged Meals,2.94,$2.94,36.8 ¢/oz
"Stouffers Spaghetti with Meat Sauce, Single Serve, Frozen Pasta, Single Frozen Meals 12 oz",Packaged Meals,2.76,$2.76,23.0 ¢/oz
"Stouffers Macaroni and Cheese, Single Serve, Frozen Entrees for One, Easy Frozen Dinners 12 oz",Packaged Meals,2.76,$2.76,23.0 ¢/oz
"Marie Callender's Classic Chicken Parmigiana Bowl, Frozen Meal, 12.5 oz. (Frozen)",Packaged Meals,2.88,$2.88,23.0 ¢/oz
"Healthy Choice Caf Steamers General Tso's Spicy Chicken, Frozen Meal, 10.3 oz. Bowl",Packaged Meals,1.98,$1.98,19.2 ¢/oz
"Healthy Choice Caf Steamers Chicken Margherita With Balsamic, Frozen Meal, 9.5 oz. Bowl",Packaged Meals,1.98,$1.98,20.8 ¢/oz
"Stouffers Swedish Meatballs, Single Serve, Frozen Pasta, Single Frozen Meals 11.5 oz",Packaged Meals,2.76,$2.76,24.0 ¢/oz
"Stouffer's Chicken A La King Frozen Meal, 11.5 oz (Frozen)",Packaged Meals,2.76,$2.76,24.0 ¢/oz
"Healthy Choice Caf Steamers Honey Glazed Turkey & Potatoes, Frozen Meal, 9.5 oz. Bowl",Packaged Meals,2.77,$2.77,29.2 ¢/oz
"Healthy Choice Caf Steamers Crustless Chicken Pot Pie, Frozen Meal, 9.6 oz. Bowl",Packaged Meals,2.77,$2.77,28.9 ¢/oz
"Healthy Choice Caf Steamers Sweet Sesame Chicken, Frozen Meal, 9.75 oz. Bowl",Packaged Meals,2.77,$2.77,28.4 ¢/oz
"Healthy Choice Simply Steamers Grilled Chicken & Broccoli Alfredo, Frozen Meal, 9.15 oz. Bowl",Packaged Meals,3.42,$3.42,37.4 ¢/oz
"Stouffers Cheddar Potato Bacon Bake, Single Serve Frozen Meals, Frozen Dinner, 10 oz (frozen)",Packaged Meals,2.76,$2.76,27.6 ¢/oz
"Lean Cuisine Ricotta Cheese and Spinach Ravioli Microwave Meals for Lunch or Dinner, 8 oz (Frozen)",Packaged Meals,3.47,$3.47,43.4 ¢/oz
"Lean Cuisine Chicken Alfredo Pasta with Broccoli Microwave Meals for Lunch or Dinner, 10 oz (Frozen)",Packaged Meals,2.94,$2.94,29.4 ¢/oz
"Stouffers Fettuccine Alfredo, Single Serve, Frozen Pasta, Single Frozen Meals 11.5 oz",Packaged Meals,2.76,$2.76,24.0 ¢/oz
"Marie Callender's Roasted Turkey Breast & Stuffing, Frozen Meal, 11.85 oz (Frozen)",Packaged Meals,3.48,$3.48,30.3 ¢/oz
"Marie Callender's Roasted Garlic Chicken Bowl, Frozen Meal, 11.5 oz. (Frozen)",Packaged Meals,2.76,$2.76,24.0 ¢/oz
"Lean Cuisine Swedish Meatballs Microwave Meals for Lunch or Dinner, 9.125 oz (Frozen)",Packaged Meals,2.5,$2.50,27.5 ¢/oz
"Stouffers Chicken Fettuccine Alfredo, Single Serve, Alfredo Pasta, Frozen Chicken Pasta 10.5 oz",Packaged Meals,2.76,$2.76,26.3 ¢/oz
"Marie Callender's Sweet and Savory Sesame Chicken Bowl, Frozen Meal, 12.3 oz. (Frozen)",Packaged Meals,2.76,$2.76,22.4 ¢/oz
"Stouffers Baked Chicken, Single Serve, Frozen Chicken Dinner, Single Frozen Meals 8.875 oz",Packaged Meals,2.76,$2.76,31.4 ¢/oz
"Lean Cuisine Cheese Thin Crust Pizza Microwave Meals for Lunch or Dinner, 6 oz (Frozen)",Packaged Meals,3.47,$3.47,57.8 ¢/oz
"Lean Cuisine Pepperoni Traditional Mini Personal Pizza Microwave Meals for Lunch or Dinner, 6 oz (Frozen)",Packaged Meals,3.47,$3.47,57.8 ¢/oz
"Healthy Choice Caf Steamers Chicken Fettuccini Alfredo With Broccoli, Frozen Meal, 10 oz. Bowl",Packaged Meals,1.98,$1.98,19.8 ¢/oz
"Lean Cuisine Chicken Fettuccine Microwave Meals for Lunch or Dinner, 9.25 oz (Frozen)",Packaged Meals,2.94,$2.94,31.6 ¢/oz
"Lean Cuisine Meat Sauce Spaghetti Microwave Meals for Lunch or Dinner, 11.5 oz (Frozen)",Packaged Meals,2.94,$2.94,25.6 ¢/oz
"Stouffers Spaghetti and Meatballs, Single Serve, Frozen Pasta, Single Frozen Meals 12.625 oz",Packaged Meals,2.5,$2.50,19.8 ¢/oz
"Stouffers Macaroni and Cheese, Large Size, Oven or Microwave Dinner, Easy Frozen Dinners 20 oz",Packaged Meals,4.97,$4.97,24.9 ¢/oz
"Stouffers Macaroni and Beef, Single Serve, Frozen Pasta, Single Frozen Meals 12.875 oz",Packaged Meals,2.76,$2.76,21.4 ¢/oz
"Stouffer's Macaroni & Cheese Meal, Family Size Mac and Cheese Dinner, 40 oz (frozen)",Packaged Meals,8.18,$8.18,20.5 ¢/oz
"Equate Ultra Strength Antacid Assorted Fruit Chewable Tablets, 1000 mg 72 Count, Compare to Tums Ultra Strength Active Ingredient",Over-the-Counter Medicines,2.33,$2.33,3.2 ¢/count
"Equate Ultra Strength Antacid Tropical Fruit Chewable Tablets, 1000 mg, 160 Count, Compare to Tums Ultra Strength Active Ingredient",Over-the-Counter Medicines,4.48,$4.48,2.8 ¢/count
"Equate Extra Strength Antacid Upset Stomach Chewable Tablets, Original Flavor, 160 mg, 100 Count, Compare to Gaviscon Extra Strength Active Ingredients",Over-the-Counter Medicines,3.58,$3.58,3.6 ¢/count
"Equate Ultra Strength Antacid Assorted Berries Chewable Tablets, 1000 mg, 160 Count, Compare to Tums Ultra Strength Active Ingredient",Over-the-Counter Medicines,4.48,$4.48,2.8 ¢/count
"Equate Ultra Strength Antacid Peppermint Chewable Tablets, 1000 mg 160 Count, Compare to Tums Ultra Strength Active Ingredient",Over-the-Counter Medicines,4.48,$4.48,2.8 ¢/count
"Equate Extra Strength Antacid Wintergreen Chewable Tablets, 750 mg, 96 Count, Compare to Tums Extra Strength Active Ingredients",Over-the-Counter Medicines,2.33,$2.33,2.4 ¢/count
"Equate Extra Strength Sugar-Free Antacid Orange Cream Chewable Tablets, 750 mg 90 Count, Compare to Tums Extra Strength Active Ingredients",Over-the-Counter Medicines,2.33,$2.33,2.6 ¢/count
"Equate Ultra Strength Antacid Chewable Tablets, Assorted Berries, 1000 mg, 72 Count, Compare to Tums Ultra Strength Active Ingredients",Over-the-Counter Medicines,2.44,$2.44,3.4 ¢/count
"Equate Ultra Strength Antacid Chewable Tablets Assorted Berries, Twin Pack 160 Count",Over-the-Counter Medicines,8.93,$8.93,2.8 ¢/count
"Equate Extra Strength Heartburn + Antacid Relief Chews, Assorted Fruit, 60 Chewable Tablets",Over-the-Counter Medicines,5.86,$5.86,9.8 ¢/count
"Equate Maximum Strength Famotidine Tablets, 20 mg, Acid Reducer, 50 Count, Compare to Maximum Strength Pepcid AC Active Ingredient",Over-the-Counter Medicines,4.93,$4.93,9.9 ¢/count
"Equate Extra Strength Antacid Chewable Tablets for Acid Indigestion, Wild Berry, 60 Count",Over-the-Counter Medicines,6.14,$6.14,10.2 ¢/count
"Equate Ultra Strength Antacid Chewable Tablets, Tropical Fruit, Twin Pack, 160 Count, Compare to Tums Ultra Strength Active Ingredient",Over-the-Counter Medicines,8.12,$8.12,2.5 ¢/count
"Equate Extra Strength Calcium Carbonate Antacid Chewable Tablets for Heartburn Relief, 120 Count",Over-the-Counter Medicines,10.48,$10.48,8.7 ¢/count
"Tums Ultra Strength Heartburn Relief Chewable Antacid Tablets, Fruit, 72 Count",Over-the-Counter Medicines,4.66,$4.66,6.5 ¢/count
"Equate Extra Strength Smooth Antacid Assorted Fruit Chewable Tablets, 140 Count, Compare to Extra Strength Tums Smoothier Active Ingredient",Over-the-Counter Medicines,4.43,$4.43,3.2 ¢/count
"(3 pack) Equate Extra Strength Antacid Upset Stomach Chewable Tablets, Original Flavor, 160 mg, 100 Count, Compare to Gaviscon Extra Strength Active Ingredients",Over-the-Counter Medicines,10.74,$10.74,3.6 ¢/count
"Gaviscon Extra Strength Chewable Antacid Tablets for Heartburn Relief, 100 Count",Over-the-Counter Medicines,10.68,$10.68,10.7 ¢/count
"Rolaids Extra Strength Antacid, Heartburn Relief, 30 Chewable Tablets, Mint Flavor, 3 x 10 Tablets",Over-the-Counter Medicines,2.73,$2.73,9.1 ¢/count
"Equate Maximum Strength Famotidine Tablets, 20 mg, Acid Reducer, 100 Count, Compare to Maximum Strength Pepcid AC Active Ingredient",Over-the-Counter Medicines,8.48,$8.48,8.5 ¢/count
"Equate Omeprazole Delayed Release Tablets 20 mg, Acid Reducer, Frequent Heartburn, 42 Count, Compare to Prilosec OTC",Over-the-Counter Medicines,9.97,$9.97,23.7 ¢/count
"Tums Smoothies Extra Strength Heartburn Relief Chewable Antacid Tablets, Berry Fusion, 60 Ct",Over-the-Counter Medicines,6,$6.00,10.0 ¢/count
"Equate Dual Action Acid Reducer Complete Tablets, Berry,50 Count, Compare to Pepcid Complete Active Ingredients",Over-the-Counter Medicines,11.97,$11.97,23.9 ¢/count
"Tums Ultra Strength Heartburn Relief Chewable Antacid Tablets, Fruit, 160 Count",Over-the-Counter Medicines,9.98,$9.98,6.2 ¢/count
"(3 pack) Equate Extra Strength Calcium Carbonate Antacid Chewable Tablets for Heartburn Relief, 120 Count",Over-the-Counter Medicines,31.44,$31.44,8.7 ¢/count
"Tums Chewy Bites Heartburn Relief Chewable Antacid Tablets, Berry, 60 Ct",Over-the-Counter Medicines,10.98,$10.98,18.3 ¢/count
"Tums Extra Strength Heartburn Relief Chewable Antacid Tablets, Melon Berry, 80 Count",Over-the-Counter Medicines,6,$6.00,7.5 ¢/count
"Zantac 360 Maximum Strength Tablets, 25 Count, Heartburn Prevention and Relief, 20 mg Tablets",Over-the-Counter Medicines,8.98,$8.98,35.9 ¢/count
"Tums Extra Strength Heartburn Relief Chewable Antacid Tablets, Fruit, 8 Count, 3 Pack",Over-the-Counter Medicines,2.94,$2.94,12.3 ¢/count
"Rolaids Original Strength Antacid, 96 Chewable Tablets, Mint Flavor, Original Strength Heartburn Relief",Over-the-Counter Medicines,5.48,$5.48,5.7 ¢/count
"Tums Smoothies Extra Strength Heartburn Relief Antacid Tablets, Fruit, 60 Count",Over-the-Counter Medicines,6,$6.00,10.0 ¢/count
"Tums Chewy Bites Heartburn Relief Chewable Antacid Tablets, Berry, 32 Ct",Over-the-Counter Medicines,6,$6.00,18.8 ¢/count
"(2 pack) Tums Extra Strength Heartburn Relief Chewable Antacid Tablets, Melon Berry, 80 Count",Over-the-Counter Medicines,12,$12.00,7.5 ¢/count
"Equate Maximum Strength Famotidine 20mg Tablets, 200 Count, Compare to Maximum Strength Pepcid AC Active Ingredient",Over-the-Counter Medicines,11.57,$11.57,5.8 ¢/count
"Equate Maximum Strength Famotidine 20mg Tablets, 25 Count, Compare to Maximum Strength Pepcid AC Active Ingredient",Over-the-Counter Medicines,2.98,$2.98,11.9 ¢/count
"Alka-Seltzer Extra Strength Heartburn Relief Effervescent Antacid Tablets, 36 Ct",Over-the-Counter Medicines,8.67,$8.67,24.1 ¢/count
"Pepcid AC Maximum Strength Heartburn Medicine, 20 mg Famotidine, 8 Count",Over-the-Counter Medicines,6.48,$6.48,81.0 ¢/count
"Tums Ultra Strength Chewable Antacid Tablets for Heartburn, Tropical Fruit, 72 Count",Over-the-Counter Medicines,6,$6.00,8.3 ¢/ea
"Alka-Seltzer Heartburn + Pain, Aspirin + Antacid Tablets for Fast Pain Relief, Heartburn Relief & Acid Indigestion Relief, 24 Ct",Over-the-Counter Medicines,5.14,$5.14,21.4 ¢/count
"Rolaids Heartburn + Gas Antacid, 60 Chewable Tablets, Assorted Berry, Heartburn and Gas Relief",Over-the-Counter Medicines,5.48,$5.48,9.1 ¢/count
"Equate Ultra Strength Antacid Soft Chews for Heartburn and Indigestion Relief, Cherry, 32 Soft Chews",Over-the-Counter Medicines,3.48,$3.48,10.9 ¢/count
"Alka-Seltzer Extra Strength Heartburn Relief Effervescent Antacid Tablets, Fast Acid Indigestion Relief, 24 Count",Over-the-Counter Medicines,6.36,$6.36,26.5 ¢/count
"(3 pack) Equate Maximum Strength Famotidine 20mg Tablets, 200 Count, Compare to Maximum Strength Pepcid AC Active Ingredient",Over-the-Counter Medicines,34.71,$34.71,5.8 ¢/count
"Pepcid AC Maximum Strength Heartburn Medicine, Famotidine, 25 Count",Over-the-Counter Medicines,11.53,$11.53,46.1 ¢/count
"Tums Ultra Strength Heartburn Relief Chewable Antacid Tablets, Berry, 160 Count",Over-the-Counter Medicines,10.98,$10.98,6.9 ¢/count
"Pepcid Complete Acid Reducer + Antacid Chews, Berry, 25 Count",Over-the-Counter Medicines,12.58,$12.58,50.3 ¢/count
"Prilosec OTC Heartburn Relief, Omeprazole, Acid Reducer Tablets, 14 Ct",Over-the-Counter Medicines,10.48,$10.48,74.9 ¢/count
"Pepcid AC Maximum Strength Heartburn Medicine, Icy Cool Mint, 20 Count",Over-the-Counter Medicines,10.16,$10.16,50.8 ¢/count
"Tums Chewy Bites Ultra Strength Heartburn Relief Chews, Fruit Fusion, 28 Count",Over-the-Counter Medicines,6,$6.00,21.4 ¢/count
"Rolaids Antacid Power Chews, Chewable Antacids for Acid Indigestion and Heartburn, Mint, 32 Count",Over-the-Counter Medicines,4.97,$4.97,15.5 ¢/count
"(4 pack) Equate Extra Strength Sugar-Free Antacid Orange Cream Chewable Tablets, 750 mg 90 Count, Compare to Tums Extra Strength Active Ingredients",Over-the-Counter Medicines,9.32,$9.32,2.6 ¢/count
"Pepcid AC Maximum Strength Heartburn Medicine, 20 mg Famotidine, 50 Count",Over-the-Counter Medicines,11.78,$11.78,23.6 ¢/count
"Equate Omeprazole Delayed Release Tablets 20 mg, Acid Reducer, Frequent Heartburn, 14 Count",Over-the-Counter Medicines,4.97,$4.97,35.5 ¢/count
"Tums Chewy Delights Ultra Strength Heartburn Relief Antacid Soft Chews, Very Cherry, 32 Count",Over-the-Counter Medicines,6,$6.00,18.8 ¢/count
"Tums Ultra Strength Antacid Tablets for Heartburn Relief, Peppermint, 160 Count",Over-the-Counter Medicines,10.98,$10.98,6.9 ¢/count
"TUMS Smoothies Assorted Fruit Extra StrengthAntacid Chewable Tablets for Heartburn Relief, 12 Tablets",Over-the-Counter Medicines,2.63,$2.63,21.9 ¢/count
"Alka-Seltzer Lemon Lime Heartburn Relief tablets, Fast Acid Indigestion Relief, 24 Ct",Over-the-Counter Medicines,5.14,$5.14,21.4 ¢/ea
"Tums Smoothies Extra Strength Heartburn Relief Chewable Antacid Tablets, Fruit, 140 Count",Over-the-Counter Medicines,10.98,$10.98,7.8 ¢/count
"Alka-Seltzer Lemon Lime Heartburn Relief tablets, Fast Acid Indigestion Relief, 36 Ct",Over-the-Counter Medicines,6.36,$6.36,17.7 ¢/count
"Alka-Seltzer Heartburn + Gas ReliefChews, Antacid Chews for Acid Indigestion Relief, 60 Count",Over-the-Counter Medicines,9.42,$9.42,15.7 ¢/count
"Zantac 360 Maximum Strength Tablets, 90 Count, Heartburn Prevention and Relief, 20 mg Tablets",Over-the-Counter Medicines,21.96,$21.96,24.4 ¢/count
"Prilosec OTC Omeprazole 20mg Acid Reducer, Frequent Heartburn Medicine, Unflavored, 42 Count",Over-the-Counter Medicines,24.13,$24.13,57.5 ¢/count
"Pepcid Complete Acid Reducer + Antacid Famotidine Chews, Mint, 50 Count",Over-the-Counter Medicines,20.98,$20.98,42.0 ¢/count
"Alka-Seltzer Heartburn + Pain, Aspirin + Antacid Tablets for Fast Pain Relief, Heartburn Relief & Acid Indigestion Relief, 72 Ct",Over-the-Counter Medicines,11.52,$11.52,16.0 ¢/count
"Tums Chewy Bites Heartburn Relief Antacid Chews, Berries and Cream, 32 Count",Over-the-Counter Medicines,6,$6.00,18.8 ¢/count
"Equate Extra Strength Heartburn Relief + Gas Relief Chews, Mixed Berry, 54 Chewable Tablets",Over-the-Counter Medicines,5.86,$5.86,10.9 ¢/count
"Equate Dual-Action Acid Reducer Complete, Mint Chewable Tablets, 25 Count, Compare to Pepcid Complete Active Ingredients",Over-the-Counter Medicines,6.97,$6.97,27.9 ¢/count
"TUMS Chewy Bites Chewable Antacid Tablets with Gas Relief, Lemon/Strawberry, 54 Count",Over-the-Counter Medicines,10.98,$10.98,26.1 ¢/count
"Equate Original Strength Famotidine Tablets, 10 mg, 90 Count, Compare to Pepcid AC Active Ingredient",Over-the-Counter Medicines,7.96,$7.96,8.8 ¢/count
"Equate Original Strength Famotidine 10mg Tablets, 30 Count, Compare to Original Strength Pepcid AC Active Ingredient",Over-the-Counter Medicines,3.98,$3.98,13.3 ¢/count
"Alka-Seltzer Heartburn + Gas ReliefChews, Antacid + Antigas Chews for Fast Heartburn Relief, Gas, and Acid Indigestion Relief On the Go, 110 Count",Over-the-Counter Medicines,16.77,$16.77,15.2 ¢/count
"Equate Famotidine Tablets 20 mg, Cool Mint, for Heartburn, 100 Count, Compare to Maximum Strength Pepcid AC Active Ingredient",Over-the-Counter Medicines,8.48,$8.48,8.5 ¢/count
"Equate Cimetidine Tablets 200 mg, Acid Reducer, 60 Count, Compare to Tagamet HB 200 Active Ingredient",Over-the-Counter Medicines,9.33,$9.33,15.6 ¢/count
"Alka-Seltzer Extra Strength Heartburn ReliefChews, Antacid for Fast Heartburn & Acid Indigestion Relief On the Go, 120 Ct",Over-the-Counter Medicines,16.77,$16.77,14.0 ¢/count
"Equate Dual Action Acid Reducer Complete Tablets, Berry, 25 Count, Compare to Pepcid Complete Active Ingredients",Over-the-Counter Medicines,6.97,$6.97,27.9 ¢/count
"Equate Cimetidine Tablets 200 mg, Acid Reducer, 120 Count, Compare to Tagamet HB 200 Active Ingredient",Over-the-Counter Medicines,18.67,$18.67,15.6 ¢/count
"Pepcid AC Maximum Strength Heartburn Medicine, Famotidine, 75 Count",Over-the-Counter Medicines,26.98,$26.98,36.0 ¢/count
"Alka-Seltzer Extra Strength Heartburn ReliefChews, Antacid for Fast Heartburn & Acid Indigestion Relief On the Go, 66 Ct",Over-the-Counter Medicines,9.42,$9.42,14.3 ¢/count
"Equate Omeprazole Delayed Release Coated Tablets, Cool Mint, 20 mg, 42 Count, 3 Pack, Compare to Prilosec OTC",Over-the-Counter Medicines,9.48,$9.48,22.6 ¢/count
"Prilosec OTC Heartburn Relief, Omeprazole, Acid Reducer Tablets, Unflavored 28 Count",Over-the-Counter Medicines,18.62,$18.62,66.5 ¢/count
"(3 pack) Equate Extra Strength Smooth Antacid Assorted Fruit Chewable Tablets, 140 Count, Compare to Extra Strength Tums Smoothier Active Ingredient",Over-the-Counter Medicines,13.29,$13.29,3.2 ¢/count
"(2 pack) Pepcid AC Maximum Strength Heartburn Medicine, Famotidine, 25 Count",Over-the-Counter Medicines,23.06,$23.06,46.1 ¢/count
"(3 pack) Equate Ultra Strength Antacid Soft Chews for Heartburn and Indigestion Relief, Cherry, 32 Soft Chews",Over-the-Counter Medicines,10.44,$10.44,10.9 ¢/count
"Equate Children's Calcium Carbonate Chewable Tablets for Upset Stomach Relief, 400 mg, Bubblegum Flavor, 24 Count, Compare to Pepto Kids Chewables Active Ingredient",Over-the-Counter Medicines,3.98,$3.98,16.6 ¢/count
"Equate Omeprazole Delayed Release Coated Tablets, 20 mg, Wildberry Mint, 14 Count, 3 Pack, Compare to Prilosec OTC",Over-the-Counter Medicines,9.97,$9.97,23.7 ¢/count
"(3 pack) Tums Ultra Strength Heartburn Relief Chewable Antacid Tablets, Berry, 160 Count",Over-the-Counter Medicines,32.94,$32.94,6.9 ¢/count
"Equate Omeprazole Delayed Release Coated Tablets 20 mg, Wildberry Mint, 14 Count, Compare to Prilosec OTC",Over-the-Counter Medicines,4.97,$4.97,35.5 ¢/count
"(2 pack) Tums Ultra Strength Heartburn Relief Chewable Antacid Tablets, Fruit, 160 Count",Over-the-Counter Medicines,19.96,$19.96,6.2 ¢/count
"(4 pack) Rolaids Extra Strength Antacid, Heartburn Relief, 30 Chewable Tablets, Mint Flavor, 3 x 10 Tablets",Over-the-Counter Medicines,10.92,$10.92,9.1 ¢/count
"(3 pack) Equate Extra Strength Heartburn Relief + Gas Relief Chews, Mixed Berry, 54 Chewable Tablets",Over-the-Counter Medicines,17.58,$17.58,10.9 ¢/count
"(3 pack) Equate Original Strength Famotidine Tablets, 10 mg, 90 Count, Compare to Pepcid AC Active Ingredient",Over-the-Counter Medicines,23.88,$23.88,8.8 ¢/count
"Pepcid Soothing Gummies, Heartburn + Stress, Peach-Raspberry, 32 Count",Over-the-Counter Medicines,10.47,$10.47,32.7 ¢/count
"(3 pack) Equate Dual Action Acid Reducer Complete Tablets, Berry,50 Count, Compare to Pepcid Complete Active Ingredients",Over-the-Counter Medicines,35.91,$35.91,23.9 ¢/count
"Equate Lansoprazole Delayed Release Capsules 15 mg, Acid Reducer, 42 Count, 3 Pack, Compare to Prevacid 24 HR Active Ingredient",Over-the-Counter Medicines,9.48,$9.48,22.6 ¢/count
"(2 pack) Alka-Seltzer Heartburn + Gas ReliefChews, Antacid Chews for Acid Indigestion Relief, 60 Count",Over-the-Counter Medicines,18.84,$18.84,15.7 ¢/count
"Equate Omeprazole Delayed-Release Acid Reducer Tablets, 20 mg, 28 Count, , Compare to Prilosec OTC active ingredient",Over-the-Counter Medicines,7.97,$7.97,28.5 ¢/count
"(3 pack) Equate Omeprazole Delayed Release Coated Tablets, Cool Mint, 20 mg, 42 Count, 3 Pack, Compare to Prilosec OTC",Over-the-Counter Medicines,28.44,$28.44,22.6 ¢/count
"Pepto Bismol Fast Melts, Upset Stomach Relief, 24 ct",Over-the-Counter Medicines,10.98,$10.98,45.8 ¢/count
"(3 pack) Alka-Seltzer Extra Strength Heartburn Relief Effervescent Antacid Tablets, 36 Ct",Over-the-Counter Medicines,26.01,$26.01,24.1 ¢/count
"(3 pack) Tums Chewy Bites Heartburn Relief Chewable Antacid Tablets, Berry, 60 Ct",Over-the-Counter Medicines,32.94,$32.94,18.3 ¢/count
"(3 pack) Equate Dual-Action Acid Reducer Complete, Mint Chewable Tablets, 50 Count, Compare to Pepcid Complete Active Ingredients",Over-the-Counter Medicines,35.91,$35.91,23.9 ¢/count
"(3 pack) Alka-Seltzer Extra Strength Heartburn Relief Effervescent Antacid Tablets, Fast Acid Indigestion Relief, 24 Count",Over-the-Counter Medicines,19.08,$19.08,26.5 ¢/count
"(3 pack) Pepcid AC Maximum Strength Heartburn Medicine, Famotidine, 75 Count",Over-the-Counter Medicines,80.94,$80.94,36.0 ¢/count
"(3 pack) Alka-Seltzer Extra Strength Heartburn ReliefChews, Antacid for Fast Heartburn & Acid Indigestion Relief On the Go, 120 Ct",Over-the-Counter Medicines,50.31,$50.31,14.0 ¢/count
"Tagamet Cimetidine 200 mg Acid Reducer and Heartburn Relief Tablets, 30 Count",Over-the-Counter Medicines,8.76,$8.76,29.2 ¢/count
"(2 pack) Tagamet Cimetidine 200 mg Acid Reducer and Heartburn Relief Tablets, 30 Count",Over-the-Counter Medicines,17.52,$17.52,29.2 ¢/count
"(3 pack) Prilosec OTC Omeprazole 20mg Acid Reducer, Frequent Heartburn Medicine, Unflavored, 42 Count",Over-the-Counter Medicines,53.94,$53.94,42.8 ¢/count
"Pepto Bismol Chewable Tablets, Indigestion and Anti-Diarrhea Stomach Relief, Cherry, 24 Count",Over-the-Counter Medicines,7.66,$7.66,31.9 ¢/count
Nexium 24HR Acid Reducer Heartburn Relief Capsules with Esomeprazole Magnesium - 42 Count,Over-the-Counter Medicines,25.28,$25.28,60.2 ¢/count
"(2 pack) Pepcid Complete Acid Reducer + Antacid Chews, Berry, 25 Count",Over-the-Counter Medicines,25.16,$25.16,50.3 ¢/count
"Prevacid 24HR Lansoprazole Delayed-Release Capsules for Heartburn Relief, 15 mg, 42 Count",Over-the-Counter Medicines,23.42,$23.42,55.8 ¢/count
"Nexium 24HR Acid Reducer Heartburn Relief Capsules for All-Day and All-Night Protection From Frequent Heartburn With Esomeprazole Magnesium, 14 Count",Over-the-Counter Medicines,10.48,$10.48,74.9 ¢/count
"Pepto Bismol Kids Chewable Tablets, Indigestion and Diarrhea Stomach Relief for Children, 24 Count",Over-the-Counter Medicines,5.48,$5.48,22.8 ¢/count
"(3 pack) Tums Ultra Strength Antacid Tablets for Heartburn Relief, Peppermint, 160 Count",Over-the-Counter Medicines,32.94,$32.94,6.9 ¢/count
"Pepcid Complete Acid Reducer + Antacid Chews, Berry Flavored, 70 Count",Over-the-Counter Medicines,29.37,$29.37,42.0 ¢/count
"(3 pack) Tums Chewy Delights Ultra Strength Heartburn Relief Antacid Soft Chews, Very Cherry, 32 Count",Over-the-Counter Medicines,18,$18.00,18.8 ¢/count
"Prilosec OTC, Omeprazole Delayed Release 20mg, Acid Reducer, Treats Frequent Heartburn for 24 Hour Relief, All Day, All Night*, 20mg, Wildberry Flavor, 14 Tablets",Over-the-Counter Medicines,10.48,$10.48,74.9 ¢/count
"Prilosec OTC, Omeprazole Delayed Release 20mg, Acid Reducer, Treats Frequent Heartburn for 24 Hour Relief, All Day, All Night*, 20mg, Wildberry Flavor, 42 Tablets",Over-the-Counter Medicines,21.48,$21.48,51.1 ¢/count
"(4 pack) Pepcid Complete Acid Reducer + Antacid Chews, Mint, 25 Ct",Over-the-Counter Medicines,47.92,$47.92,47.9 ¢/count
"(3 pack) Tums Smoothies Extra Strength Heartburn Relief Chewable Antacid Tablets, Fruit, 140 Count",Over-the-Counter Medicines,32.94,$32.94,7.8 ¢/count
"Pepto Bismol Chewable Tablets, Indigestion and Anti-Diarrhea Stomach Relief, Cherry, 12 Count",Over-the-Counter Medicines,3.14,$3.14,26.2 ¢/count
Nexium 24HR Clearminis Acid Reducer Heartburn Relief Delayed Release Capsules With Esomeprazole Magnesium - 14 Count,Over-the-Counter Medicines,9.98,$9.98,71.3 ¢/count
"Pepto Bismol Chewable Tablets, Indigestion and Anti-Diarrhea Stomach Relief, Original, 12 Count",Over-the-Counter Medicines,3.13,$3.13,26.1 ¢/ea
"(3 pack) Equate Children's Calcium Carbonate Chewable Tablets for Upset Stomach Relief, 400 mg, Bubblegum Flavor, 24 Count, Compare to Pepto Kids Chewables Active Ingredient",Over-the-Counter Medicines,11.94,$11.94,16.6 ¢/count
"Pepto Bismol Liquicaps, Indigestion and Anti-Diarrhea Stomach Relief, 12 Count",Over-the-Counter Medicines,6.28,$6.28,52.3 ¢/count
"Equate Bismuth Subsalicylate Upset Stomach and Diarrhea Relief Caplets, 262mg, 40 Count",Over-the-Counter Medicines,2.06,$2.06,5.2 ¢/count
"Equate Esomeprazole Magnesium Delayed-Release Mini Capsules, 20 mg, Acid Reducer, 42 Count, Compare to Nexium 24 HR active ingredient",Over-the-Counter Medicines,9.97,$9.97,23.7 ¢/ea
"Pepto Bismol Caplets, Indigestion and Anti-Diarrhea Stomach Relief, 40 Count",Over-the-Counter Medicines,8.47,$8.47,21.2 ¢/count
"Equate Omeprazole and Sodium Bicarbonate Capsules 20 mg/1100 mg, Acid Reducer, 42 Count, Compare to Zegerid OTC Active Ingredient",Over-the-Counter Medicines,9.48,$9.48,22.6 ¢/count
"(3 pack) Pepto Bismol Liquicaps, Indigestion and Anti-Diarrhea Stomach Relief, 12 Count",Over-the-Counter Medicines,18.84,$18.84,52.3 ¢/count
"Pepto Bismol Caplets Ultra, Indigestion and Anti-Diarrhea Stomach Relief, 24 Count",Over-the-Counter Medicines,9.32,$9.32,38.8 ¢/count
"(3 pack) Pepto Bismol Chewable Tablets, Indigestion and Anti-Diarrhea Stomach Relief, Original, 30 Count",Over-the-Counter Medicines,17.91,$17.91,19.9 ¢/count
"Esomeprazole Magnesium Delayed Release Capsules, 20 mg, Acid Reducer, 14 Fluid ounce (US)",Over-the-Counter Medicines,4.97,$4.97,35.5 ¢/count
"Esomeprazole Magnesium Delayed Release Capsules, 20 mg, Acid Reducer, 28 Count",Over-the-Counter Medicines,7.97,$7.97,28.5 ¢/count
"Equate Esomeprazole Magnesium Delayed Release Capsules, 20 mg, Acid Reducer, 42 Count, Compare to Nexium 24 HR Active Ingredient",Over-the-Counter Medicines,9.48,$9.48,22.6 ¢/count
"Pepto Kids Gummies, Helps Relieve Occasional Upset Stomach, 24 Gummies",Over-the-Counter Medicines,8.47,$8.47,35.3 ¢/count
"(3 pack) Kaopectate Multi-Symptom Anti-diarrheal and Upset Stomach Reliever, 42 Count",Over-the-Counter Medicines,21.66,$21.66,17.2 ¢/count
"(3 pack) Equate Lansoprazole Delayed Release Capsules 15 mg, Acid Reducer, 42 Count, 3 Pack, Compare to Prevacid 24 HR Active Ingredient",Over-the-Counter Medicines,28.44,$28.44,22.6 ¢/count
"Equate Anti-Diarrheal/Anti-Gas Multi-Symptom Relief 2mg/125mg Caplets, 24 Count, Compare to Imodium Multi-Symptom Relief Active Ingredients",Over-the-Counter Medicines,8.76,$8.76,36.5 ¢/count
"(2 pack) Equate Bismuth Subsalicylate Upset Stomach and Diarrhea Relief Caplets, 262mg, 40 Count",Over-the-Counter Medicines,4.12,$4.12,5.2 ¢/count
"(2 pack) Alka-Seltzer Pain Relief, Aspirin Effervescent Tablets for Fast Pain Relief, Package May Vary 72 Ct",Over-the-Counter Medicines,21.96,$21.96,15.3 ¢/count
SleepTabs Doxylamine Succinate Tablets 32ct,Over-the-Counter Medicines,9.43,$9.43,29.5 ¢/count
"Bibigo Frozen Chicken & Vegetable Steamed Dumplings, 6.59 oz",Packaged Side Dishes,3.33,$3.33,50.5 ¢/oz
Taylor Farms Asian Crunch Mini Chopped Salad Kit,Packaged Salads,1.97,$1.97,43.3 ¢/oz
"InnovAsian Vegetable Lo Mein, 14 oz (Frozen)",Packaged Meals,5.23,$5.23,37.4 ¢/oz
"Subway Sweet Onion Teriyaki Sauce, 16 fl. oz.",Cooking Sauces & Marinades,3.98,$3.98,24.9 ¢/fl oz
"Bibigo Frozen Mini Wontons Chicken & Vegetable Dumplings, 24.0 oz",Packaged Side Dishes,5.87,$5.87,24.5 ¢/oz
"P.F. Chang's Home Menu Chicken Lettuce Wrap Cooking Sauce and Marinade, 8 fl oz.",Cooking Sauces & Marinades,3.28,$3.28,41.0 ¢/oz
"(3 pack) Nissin Foods Hot & Spicy Fire Wok Stir Fry Asian Noodles, Sizzlin' Rich Pork Flavor, 4.37 oz Bowl, Shelf-Stable",Noodles,4.14,$4.14,31.6 ¢/oz
"InnovAsian Vegetable Fried Rice, 18 oz (Frozen Meal)",Packaged Meals,4.54,$4.54,25.2 ¢/oz
"Passage to Asia Korean Sweet Chili Noodle Bowl, 8.6 oz",Packaged Meals,3.94,$3.94,45.8 ¢/oz
"Wow Bao Chicken Soup Dumpling, 6 Pieces, Frozen",Prepared & Packaged Soups,5.22,$5.22,87.0 ¢/oz
"Wow Bao Chinese-Style BBQ Pork Bao, 4 Pack, Frozen",Packaged Meals,7.84,$7.84,78.4 ¢/oz
Samyang Topokki Carbo Hot Chicken Bowl - Buldak Tteokbokki (179g),Noodles,4,$4.00,63.4 ¢/oz
"Bibigo Frozen Pork & Vegetable Steamed Dumplings, 6.59 oz",Packaged Side Dishes,3.33,$3.33,50.5 ¢/oz
"Nissin Foods Hot & Spicy Fire Wok Chili-Infused Asian Noodles, Torched Teriyaki Chicken Flavor, 3.10 oz Bag, Shelf-Stable",Noodles,0.98,$0.98,31.6 ¢/oz
"Tai Pei Chicken Egg Rolls, Frozen Asian Appetizers, 24.5 oz",Packaged Meals,6.68,$6.68,27.3 ¢/oz
"(2 pack) Nissin Foods Hot & Spicy Fire Wok Asian Noodles Soup, Volcanic Mongolian Beef Flavor, 4.37 oz Bowl, Shelf-Stable",Prepared & Packaged Soups,2.76,$2.76,31.6 ¢/oz
"Terry Hos Yum Yum Sauce, 16 fl oz",Cooking Sauces & Marinades,4.82,$4.82,30.1 ¢/fl oz
"Tai Pei Beef & Broccoli, Frozen Asian Entre, 10 oz",Packaged Meals,3.44,$3.44,34.4 ¢/oz
"Ocean's Halo Organic Kimchi, Shelf Stable, 16 oz",Canned & Jarred Vegetables,5.98,$5.98,37.4 ¢/oz
"Great Value Pork Egg Rolls, 10.8 oz, 4 Count",Packaged Meals,3.13,$3.13,29.0 ¢/oz
"Birds Eye Steamfresh Asian Vegetable Medley, Frozen Vegetables, 10.8 oz. Bag",Frozen Vegetables,2.88,$2.88,26.7 ¢/oz
"Nissin Foods Chow Mein Instant Noodles, Teriyaki Beef Flavor, 4.0 oz Tray, Shelf-Stable",Noodles,1.46,$1.46,36.5 ¢/oz
"Birds Eye Teriyaki Frozen Stir Fry Veggies and Sauce, Frozen Vegetables, 52.2 oz. Bag",Frozen Vegetables,6.92,$6.92,13.3 ¢/oz
"Lee Kum Kee Chili Garlic Sauce, 8 Oz",Cooking Sauces & Marinades,4.36,$4.36,54.5 ¢/oz
"InnovAsian Orange Chicken, 36 oz (Frozen Meal)",Packaged Meals,11.42,$11.42,31.7 ¢/oz
"Birds Eye Fusions Asian Mix Sesame Soy Sauce, Frozen Side, 11 oz. Bag",Packaged Meals,2.97,$2.97,27.0 ¢/oz
"Bibigo Frozen Beef Pho Steamed Dumplings, 6.59 oz",Packaged Meals,3.24,$3.24,49.1 ¢/oz
"Kikkoman Soybean Paste With Tofu Instant Soup, 1.05 oz",Prepared & Packaged Soups,2.72,$2.72,85.0 ¢/oz
"(2 pack) La Choy Rice Noodles, 3 Ounce",Noodles,2.86,$2.86,47.7 ¢/oz
"Pholicious Instant Beef Pho, Vietnamese Rice Noodle Soup, Single Serve 3.6 Ounce Bowls, Ramen Alternative & Fresh Ingredients, As Seen on Shark Tank",Prepared & Packaged Soups,4.93,$4.93,$1.37/oz
"Hinode Extra Fancy Calrose White Rice, 5 lb Bag – Gluten-Free Pantry Staple for Everyday Meals",Rice,6.28,$6.28,7.9 ¢/oz
"Taylor Farms Fresh Teriyaki Vegetable Meal Kit with Noodles, 23 oz",Packaged Salads,5.18,$5.18,22.5 ¢/oz
"Simply Asia Non-GMO Japanese Style Ramen Noodles, 8.0 oz Box",Noodles,4.96,$4.96,62.0 ¢/oz
"InnovAsian General Tso's Chicken, 36 oz (Frozen Meal)",Packaged Meals,11.42,$11.42,31.7 ¢/oz
"P.F. Chang's Home Menu Sesame Sauce, 13.5 fl oz.",Cooking Sauces & Marinades,4.17,$4.17,30.9 ¢/oz
"S&B Golden Curry Mild Japanese Curry Mix, 3.2 oz, 1 count Box",Cooking Sauces & Marinades,3.28,$3.28,$1.03/oz
"InnovAsian Crispy Honey Chicken, 36 oz (Frozen Meal)",Packaged Meals,11.42,$11.42,31.7 ¢/oz
"Healthy Choice Asian-Style Steak & Peppers, Frozen Meal, 11 oz.",Packaged Meals,3.97,$3.97,36.1 ¢/oz
"Kinder's Japanese BBQ Cooking Sauce and Glaze, 15.5 oz Squeeze Bottle",Barbecue Sauces,5.23,$5.23,33.7 ¢/oz
Tasty Bite Organic Basmati Rice 8.8oz - Fragrant basmati rice,Rice,2.23,$2.23,25.3 ¢/oz
"Pholicious Instant Chicken Pho, Vietnamese Rice Noodle Soup, Single Serve 3.6 Ounce Bowls, Ramen Alternative, Fresh Ingredients, As Seen on Shark Tank",Prepared & Packaged Soups,4.93,$4.93,$1.37/oz
"Marketside Ready to Heat Beef Udon Bowl, 14 oz (Refrigerated)",Prepared & Packaged Soups,6.92,$6.92,49.4 ¢/oz
"Thai Kitchen Gluten Free Gluten Free Stir Fry Rice Noodles, 14.0 oz Box",Noodles,4.72,$4.72,33.7 ¢/oz
"Kevin's Natural Foods Korean BBQ-Style Chicken, Fully Cooked Refrigerated Entree, Plastic 16 oz",Packaged Meals,10.88,$10.88,68.0 ¢/oz
"Marketside Pork Potstickers with Garlic Chili Rayu Glaze, 6.5 oz (Refrigerated)",Packaged Meals,5.44,$5.44,68.0 ¢/oz
"Birds Eye Stir-Fry Veggies & Sauce, Sweet & Sour, Frozen Side, 15 oz. Bag",Frozen Vegetables,2.97,$2.97,19.8 ¢/oz
"Birds Eye Teriyaki Stir Fry Veggies and Sauce, Frozen Vegetables, 15 oz. Bag",Packaged Side Dishes,3.12,$3.12,20.8 ¢/oz
"Mae Ploy Sweet Chili Sauce, 12 Oz",Hot Sauces,3.54,$3.54,29.5 ¢/fl oz
"Nongshim Shin Ramyun Green Ramen Noodle Soup Pack, 4.4oz x 4 Count, Shelf-Stable",Prepared & Packaged Soups,8.77,$8.77,49.8 ¢/oz
"Nongshim Chapagetti Savory Chajang Black Bean Sauce Ramyun Ramen Noodle Soup Pack, 4.48oz X 4 Count, Shelf-Stable",Prepared & Packaged Soups,5.54,$5.54,30.8 ¢/oz
"Tai Pei Pork Egg Rolls, Frozen Asian Appetizers, 8 Count, 24.5 oz",Packaged Appetizers,6.68,$6.68,27.3 ¢/oz
"La Choy Beef Chow Mein, Beef and Vegetables in Sauce, 42 oz",Packaged Meals,6.46,$6.46,47.2 ¢/oz
"Tai Pei Shrimp Fried Rice, Frozen Asian Entre, 9 oz",Packaged Meals,3.44,$3.44,38.2 ¢/oz
"Maruchan Yakisoba Orange Chicken Flavor Noodles, 4.23 oz Shelf Stable Package",Prepared & Packaged Soups,1.28,$1.28,30.3 ¢/oz
"Terry Ho's Yum Yum Sauce, Original, 14 fl oz",Cooking Sauces & Marinades,3.78,$3.78,27.0 ¢/fl oz
"Freshness Guaranteed Hot and Ready-to-Eat Chicken Egg Roll, 2.82 oz","Sandwiches, Filled Rolls & Wraps",1,$1.00,
"Lucky Seoul Vegan Kimchi, 14 oz Jar",Canned & Jarred Vegetables,4.87,$4.87,34.8 ¢/oz
"Simply Asia Non-GMO Chinese Style Lo Mein Noodles, 14.0 oz Box",Noodles,4.93,$4.93,35.2 ¢/oz
"Marketside Ready to Heat Chicken Teriyaki Meal, 10 oz (Refrigerated)",Packaged Meals,6.54,$6.54,65.4 ¢/oz
"Kikkoman Teriyaki Marinade & Sauce, 15 oz",Cooking Sauces & Marinades,3.46,$3.46,23.1 ¢/fl oz
"Panda Express Honey Sesame Sauce, 20.2 oz Liquid",Cooking Sauces & Marinades,4.68,$4.68,23.2 ¢/oz
"Maggi Mild Sweet Thai Asian Garlic Chili Hot Sauce, 11.43 fl oz Bottle",Hot Sauces,2.24,$2.24,22.2 ¢/fl oz
"Tai Pei Pepper Beef, Frozen Asian Entre, 10 oz",Packaged Meals,3.44,$3.44,34.4 ¢/oz
"InnovAsian Sweet & Sour Chicken, 36 oz (Frozen Meal)",Packaged Meals,11.42,$11.42,31.7 ¢/oz
"Nongshim Kimchi Spicy Red Chili Ramyun Ramen Noodle Soup Pack, 4.2oz X 4 Count, Shelf-Stable",Prepared & Packaged Soups,4.98,$4.98,29.6 ¢/oz
"Indomie Mi Goreng Instant Fried Noodles, 2.65 Oz Cup",Noodles,1.54,$1.54,58.1 ¢/oz
"Tai Pei Teriyaki Chicken, Frozen Asian Entre, 11 oz",Packaged Meals,3.44,$3.44,31.3 ¢/oz
"Simply Asia Gluten Free Japanese Inspired Ramen Soy Ginger Chicken Broth, 26.0 fl oz Brick","Bouillon, Broths & Stocks",5.14,$5.14,19.8 ¢/oz
"Nissin Foods Cup Noodles Stir Fry Ramen Noodles, Teriyaki Beef Flavor, 3.0 oz Cup, Shelf-Stable",Noodles,1.13,$1.13,37.7 ¢/oz
"Nongshim Shin Gold Spicy Chicken Broth Ramyun Premium Ramen Noodle Soup Pack, 4.58oz X 4 Count, See Item for Allergens",Prepared & Packaged Soups,8.77,$8.77,47.9 ¢/oz
Rice-A-Roni Stir Fried Rice Mix 6.2 oz. Box,Packaged Meals,1.38,$1.38,22.3 ¢/oz
"Lao Gan Ma Fried Chili Oil, 7.41 oz",Hot Sauces,5.22,$5.22,70.5 ¢/oz
"Annie Chun's Teriyaki Noodle Bowl, 8.16 oz",Noodles,3.27,$3.27,40.1 ¢/oz
"MAMA Oriental Style Instant Noodles Artificial Pork Flavor 2.12 oz, 5 Pack",Noodles,3.97,$3.97,37.5 ¢/oz
"(6 pack) Huy Fong Foods Sriracha Hot Chili Sauce, Medium, 17 Oz - Low Sodium, No Artificial Preservatives",Hot Sauces,28.32,$28.32,27.8 ¢/oz
"Hikari Aged Red Miso, 10.5 Oz",Prepared & Packaged Soups,4.98,$4.98,47.1 ¢/oz
"Samyang Spicy Hot Chicken Flavor Instant Ramen, 4.94 oz, 5 pack",Noodles,7.48,$7.48,30.3 ¢/oz
"Crazy Cuizine Mandarin Orange Chicken - 22 oz Frozen Battered Chicken, Tangy Sauce, Air Fry Ready",Packaged Meals,7.84,$7.84,35.6 ¢/oz
"Panda Express Orange Sauce, 20.75 Liquid",Cooking Sauces & Marinades,4.68,$4.68,22.5 ¢/oz
"Choi Spicy Sriracha Original Flavor Ramen Cup, 2.29 oz",Prepared & Packaged Soups,1.33,$1.33,58.1 ¢/oz
House of Tsang Bangkok Peanut Dipping Sauce 11.5 oz. Bottle,Cooking Sauces & Marinades,4.64,$4.64,40.3 ¢/oz
"Nissin Foods Chow Mein Instant Noodles, Chicken Flavor, 4.0 oz Tray, Shelf-Stable",Prepared & Packaged Soups,1.53,$1.53,38.3 ¢/oz
Samyang Topokki Hot Chicken Bowl - Buldak Tteokbokki (185g),Noodles,4,$4.00,64.0 ¢/oz
"Birds Eye Voila! Chicken Stir Fry, Frozen Meal, 60 oz. Value Size Bag",Packaged Meals,11.32,$11.32,18.9 ¢/oz
"La Choy Stir Fry Vegetables, Canned Vegetables for Asian Dishes, 28 oz Can",Canned & Jarred Vegetables,3.27,$3.27,11.7 ¢/oz
"Nongshim Shin Toomba Stir Fry Creamy Premium Ramen Noodle Soup Pack, 4.83 oz X 4 Count, Shelf-Stable",Prepared & Packaged Soups,8.77,$8.77,45.4 ¢/oz
"Huy Fong Foods Sriracha Hot Chili Sauce, Medium, 17 Oz - Low Sodium, No Artificial Preservatives",Hot Sauces,4.72,$4.72,27.8 ¢/oz
"Marketside Ready to Heat Tonkatsu Ramen Bowl, 14 oz (Refrigerated)",Packaged Meals,6.92,$6.92,49.4 ¢/oz
"Kikkoman Instant Shiro Miso Soup, 1.05 oz, 3 Packets",Prepared & Packaged Soups,2.72,$2.72,$2.47/oz
"La Choy Sweet and Sour Stir Fry Sauce & Marinade, 14.8 oz",Cooking Sauces & Marinades,3.27,$3.27,22.1 ¢/oz
"La Choy Chicken Chow Mein, White Meat Chicken and Vegetables in Sauce, 42 oz",Packaged Meals,6.46,$6.46,15.4 ¢/oz
"Passage to Asia, Yellow Thai Curry Stir Fry, 7 oz",Cooking Sauces & Marinades,3,$3.00,42.9 ¢/oz
"Great Value Teriyaki Marinade, 12.25 fl oz",Cooking Sauces & Marinades,2.08,$2.08,17.0 ¢/fl oz
"(6 pack) Nissin Foods Chow Mein Instant Noodles, Teriyaki Chicken Flavor, 4.0 oz Tray, Shelf-Stable",Noodles,8.76,$8.76,36.5 ¢/oz
"Nasoya Refrigerated Steak Plantspired Korean BBQ Flavor, 7 oz",Packaged Meals,7.58,$7.58,$1.08/oz
"(12 pack) Lucky Me Pancit Canton Chow Mein Noodles Kalamansi Flavor, 2.12 oz",Noodles,12,$12.00,43.5 ¢/oz
"Maruchan Yakisoba Korean BBQ Flavor Noodles, 4.12 oz Shelf Stable Package",Prepared & Packaged Soups,1.28,$1.28,31.1 ¢/oz
"Kitchen Table Grilled Teriyaki Salmon, 10.01 oz, Prepared Meal, Microwave Ready, Fresh",Packaged Meals,5.92,$5.92,59.1 ¢/oz
"Great Value Teriyaki Sauce, 15 fl oz, 1 Count",Cooking Sauces & Marinades,2.73,$2.73,18.2 ¢/fl oz
"Annie Chun's Yakisoba Noodle Bowl, 8.22 oz",Noodles,3.27,$3.27,39.7 ¢/oz
"Amy's Frozen Meals, Pad Thai, Gluten Free Microwave Meals, 9.5 oz",Packaged Meals,6.22,$6.22,65.5 ¢/oz
"Nongshim Shin Ramyun Spicy Beef Ramen Noodle Soup Pack, 4.2 oz X 4, Shelf-Stable",Prepared & Packaged Soups,4.18,$4.18,24.7 ¢/oz
"Tapatio Spicy Chili Lime Shrimp Flavor Ramen Bowl, 3.8 oz",Prepared & Packaged Soups,1.82,$1.82,46.9 ¢/oz
"Marketside Ready to Heat Orange Chicken Meal, 10 oz (Refrigerated)",Packaged Meals,6.54,$6.54,65.4 ¢/oz
"Thai Kitchen Gluten Free Gluten Free Peanut Satay Sauce, 8.0 fl oz Jar",Satay Sauces,6.58,$6.58,82.3 ¢/fl oz
"Simply Asia Korean BBQ Stir-Fry Sauce, 4.22 oz Pouch",Barbecue Sauces,3.28,$3.28,77.7 ¢/oz
"Ocean's Halo, Organic and Vegan Rice Noodles, 6.3 oz.",Noodles,3.42,$3.42,54.3 ¢/oz
"Annie Chun's Shoyu Ramen Soup Bowl, 5.49 oz",Noodles,3.27,$3.27,59.6 ¢/oz
"Bachan's The Original Japanese Dipping Sauce, 16oz Bottle - Bold, Fresh, Umami Flavor",Cooking Sauces & Marinades,7.98,$7.98,49.9 ¢/oz
"Simply Asia Five Spice Citrus Stir-Fry Sauce, 4.22 oz Pouch",Cooking Sauces & Marinades,3.28,$3.28,77.7 ¢/oz
"Asha Sichuan Chili Wide Hakka Ramen Noodles, 3.35 oz, 5 Ct",Noodles,6.98,$6.98,41.7 ¢/oz
"Annie Chun's Pad Thai Noodle Bowl, 8.53 oz",Noodles,3.27,$3.27,38.4 ¢/oz
"(4 pack) Nongshim Shin Ramyun Spicy Beef Ramen Noodle Soup Pack, 4.2 oz X 4, Shelf-Stable",Prepared & Packaged Soups,16.72,$16.72,24.7 ¢/oz
"bettergoods Beef Bulgogi Empanadas, 9.6 oz, 8 Count (Frozen)",Packaged Appetizers,6.27,$6.27,65.3 ¢/oz
"Nissin Foods Hot & Spicy Fire Wok Stir Fry Asian Noodles, Molten Chili Chicken Flavor, 4.37 oz Bowl, Shelf-Stable",Prepared & Packaged Soups,1.38,$1.38,31.6 ¢/oz
"Thai Kitchen Gluten Free Gluten Free Pad Thai Sauce, 8.0 fl oz Jar",Cooking Sauces & Marinades,6.58,$6.58,82.3 ¢/fl oz
"Passage Foods Passage to Asia Gluten Free Teriyaki Chicken or Veggie Stir Fry Sauce, 7 oz",Cooking Sauces & Marinades,3,$3.00,42.9 ¢/oz
"Maruchan Yakisoba Chili Cheese Flavor Noodles, 3.86 oz Shelf Stable Package",Prepared & Packaged Soups,1.28,$1.28,33.2 ¢/oz
"Simply Asia Sesame Teriyaki Noodle Bowl, 8.5 oz Cup",Noodles,6.12,$6.12,72.0 ¢/oz
"Marie Callender's Sweet Pineapple Chicken Teriyaki Bowl, Frozen Meal, 11.8 oz. (Frozen)",Packaged Meals,2.76,$2.76,22.4 ¢/oz
"Lucky Me Pancit Canton Chow Mein Noodles Kalamansi Flavor, 2.12 oz",Noodles,1,$1.00,43.5 ¢/oz
"Kikkoman, Egg Flower Soup Mix, 1 pack, 0.88 oz.",Prepared & Packaged Soups,3.72,$3.72,$4.13/oz
"Great Value Beef and Broccoli, 26 oz",Packaged Meals,9.32,$9.32,35.8 ¢/oz
"Kevin's Natural Foods Orange Chicken, Frozen, 9.5 oz Bowl",Packaged Meals,5.87,$5.87,61.8 ¢/oz
"Sapporo ichiban Original Flavored Soup Japanese Style Noodles, 3.5 oz, 5 Count Bag",Noodles,4.72,$4.72,27.0 ¢/oz
"Annie Chun's Pho Soup Bowl, 5.41 oz",Prepared & Packaged Soups,3.27,$3.27,60.6 ¢/oz
Hot Ones x A-Sha Sweet Chili Ramen Noodle Soup,Prepared & Packaged Soups,2.08,$2.08,83.2 ¢/oz
"Bibigo Original Korean BBQ Marinade & Sauce, 16.9 oz",Barbecue Sauces,4.13,$4.13,24.4 ¢/oz
"(2 pack) MAMA Oriental Style Instant Noodles Artificial Pork Flavor 2.12 oz, 5 Pack",Noodles,7.94,$7.94,37.5 ¢/oz
"Nissin Foods Cup Noodle Ramen Noodle Soup Original, 2.4 oz Cup, Shelf-Stable",Noodles,2.08,$2.08,86.7 ¢/oz
"Knorr No Artificial Flavors Chicken Fried Rice Cooks in 7 Minutes, 5.7 oz Regular Pouch",Rice,1.24,$1.24,21.8 ¢/oz
"(4 pack) Pholicious Instant Chicken Pho, Vietnamese Rice Noodle Soup, Single Serve 3.6 Ounce Bowls, Ramen Alternative, Fresh Ingredients, As Seen on Shark Tank",Prepared & Packaged Soups,19.72,$19.72,$1.37/oz
"Thai Kitchen Gluten Free Gluten Free Premium Fish Sauce, 6.76 fl oz Bottle",Fish Sauces,4.72,$4.72,69.4 ¢/fl oz
"(2 pack) Indomie Mi Goreng Instant Fried Noodles, 2.65 Oz Cup",Noodles,3.08,$3.08,58.2 ¢/oz
"Passage Foods Passage to Asia Gluten Free Red Thai Curry Stir Fry Sauce, 7 oz",Cooking Sauces & Marinades,3,$3.00,42.9 ¢/oz
"Mama Oriental Style Instant w/Artificial Pork Flavor Noodles, 2.12 oz",Noodles,0.76,$0.76,35.8 ¢/oz
"Annie Chun's Sweet Chili Noodle Bowl, 8.38 oz",Noodles,3.27,$3.27,39.0 ¢/oz
"La Choy Rice Noodles, 3 Ounce",Noodles,1.43,$1.43,47.7 ¢/oz
"Terry Ho's Yum Yum Sauce, Spicy, 16 fl oz, Gluten-Free",Hot Sauces,4.82,$4.82,30.1 ¢/fl oz
"BeanVIVO Organics Plant Based Coconut Curry Chickpeas, Microwaveable, Gluten-Free, 10 oz Pouch",Canned & Jarred Beans & Legumes,2.48,$2.48,24.8 ¢/oz
"(6 pack) Nissin Foods Chow Mein Instant Noodles, Teriyaki Beef Flavor, 4.0 oz Tray, Shelf-Stable",Noodles,8.76,$8.76,36.5 ¢/oz
"Passage to India Butter Chicken Simmer Sauce - 20 Minute Authentic Indian Curry, 13.2 oz by Passage Foods",Cooking Sauces & Marinades,3.64,$3.64,27.6 ¢/oz
"KA-ME STIR-FRY - THAI RIBBON NOODLES, 14.2oz",Noodles,3.78,$3.78,26.6 ¢/oz
"MAMA Pho Ga Chicken Flavor Instant Rice Noodles, 2.29 oz, 1 Count",Prepared & Packaged Soups,3,$3.00,$1.31/oz
"Aloha Shoyu Hawaiian Style Poke Sauce, 12 oz",Soy Sauces,3.76,$3.76,31.3 ¢/fl oz
"Amy's Frozen Meals, Chinese Noodles & Veggies in a Cashew Cream Sauce, Microwave Meals, 9.5 oz",Packaged Meals,6.22,$6.22,65.5 ¢/oz
Hot Ones x A-Sha Garlic Chili Ramen Noodle Soup,Prepared & Packaged Soups,2.08,$2.08,83.2 ¢/oz
"Raoh Tonkotsu Ramen Noodle Soup, 3.53 oz Packet",Prepared & Packaged Soups,2.82,$2.82,79.9 ¢/oz
"(2 pack) Pholicious Instant Chicken Pho, Vietnamese Rice Noodle Soup, Single Serve 3.6 Ounce Bowls, Ramen Alternative, Fresh Ingredients, As Seen on Shark Tank",Prepared & Packaged Soups,9.86,$9.86,$1.37/oz
"P.F. Chang's Home Menu General Tso's Sauce, 14 oz.",Cooking Sauces & Marinades,4.17,$4.17,29.8 ¢/oz
"Kikkoman Stir Fry Sauce, 11.4Fl Oz",Cooking Sauces & Marinades,4.27,$4.27,37.5 ¢/oz
"Passage to Asia Yellow Thai Bowl, 9.87 oz. Shelf Stable",Rice,3.5,$3.50,35.4 ¢/oz
(2 pack) Samyang Topokki Carbo Hot Chicken Bowl - Buldak Tteokbokki (179g),Noodles,8,$8.00,63.4 ¢/oz
"(2 pack) Samyang Spicy Chicken Noodle Carbonara Flavor Ramen, 4.58 oz, 5 Pack",Noodles,14.96,$14.96,32.7 ¢/oz
"Ka'Me Stir Fry Hokkien Noodles, 14.2oz",Noodles,3.78,$3.78,26.6 ¢/oz
"Panda Express Kung Pao Stir Fry Sauce, 18.75 oz Liquid",Cooking Sauces & Marinades,4.68,$4.68,24.9 ¢/oz
"Mila Chicken Potstickers, 14 Count, 9.9 oz Bag (Frozen)",Packaged Appetizers,7.26,$7.26,73.3 ¢/oz
"Thai Kitchen Gluten Free Gluten Free Red Curry Paste, 4.0 oz Jar",Cooking Sauces & Marinades,4.88,$4.88,$1.22/oz
"Lucky Me La Paz Batchoy Supreme Noodles, 2.29 Oz",Noodles,2.28,$2.28,99.1 ¢/oz
Kogi Korean BBQ Marinade and Sauce 16 fl oz,Cooking Sauces & Marinades,4.12,$4.12,25.8 ¢/fl oz
"HOUSE OF TSANG Spicy Szechuan Stir-Fry Sauce, Shelf Stable, 11.5 oz Glass Bottle",Cooking Sauces & Marinades,4.64,$4.64,40.3 ¢/oz
"(4 pack) La Choy Bean Sprouts, Canned Vegetables, 14 oz Can",Canned & Jarred Vegetables,7.36,$7.36,13.1 ¢/oz
"Terry Ho's Yum Yum Sauce, Reduced Calorie, 16 fl oz",Cooking Sauces & Marinades,4.82,$4.82,30.1 ¢/fl oz
"Sriracha Hot Chili Sauce, 28oz (793g) Bottle",Hot Sauces,5.58,$5.58,19.9 ¢/oz
"Feel Good Foods Gluten-Free Chicken Potstickers, 8oz",Packaged Appetizers,6.46,$6.46,80.8 ¢/oz
"Passage Foods Passage to India Extra Mild Butter Chicken, 13.2 oz (Shelf Stable)",Packaged Meals,3.64,$3.64,27.6 ¢/oz
Buldak Spicy Chicken Flavor Raman Cup Cheese,Noodles,2.08,$2.08,84.6 ¢/oz
"(2 pack) Kikkoman Soybean Paste With Tofu Instant Soup, 1.05 oz",Prepared & Packaged Soups,5.44,$5.44,85.0 ¢/oz
"bettergoods Gluten Free Spicy Chili Noodles, 9.5 oz (Frozen)",Noodles,5.17,$5.17,57.4 ¢/oz
Kogi Sweet Garlic Teriyaki Marinade and Sauce 16 fl oz,Cooking Sauces & Marinades,4.12,$4.12,25.8 ¢/fl oz
"Sapporo Ichiban Japanese Style Ramen Noodles in Chicken Broth, 3.5 oz Bag, Contains Wheat and Soy",Noodles,1,$1.00,28.6 ¢/oz
"(6 pack) Maruchan Yakisoba Teriyaki Beef Flavor Noodles, 4 oz Shelf Stable Package",Noodles,8.52,$8.52,35.5 ¢/oz
"(2 pack) Pholicious Instant Beef Pho, Vietnamese Rice Noodle Soup, Single Serve 3.6 Ounce Bowls, Ramen Alternative & Fresh Ingredients, As Seen on Shark Tank",Prepared & Packaged Soups,9.86,$9.86,$1.37/oz
"Simply Asia Sichuan Sweet & Sour Stir-Fry Sauce, 4.22 oz Pouch",Cooking Sauces & Marinades,3.28,$3.28,77.7 ¢/oz
"G Hughes Sugar Free Sesame Teriyaki Marinade, 12 oz",Barbecue Sauces,4.38,$4.38,36.5 ¢/oz
"Nissin Foods Chow Mein Instant Noodles, Spicy Teriyaki Beef Flavor, 4.0 oz Tray, Shelf-Stable",Prepared & Packaged Soups,1.46,$1.46,36.5 ¢/oz
"Amy's Frozen Meals, Thai Red Curry, Gluten Free Microwave Meals, 10 oz",Packaged Meals,6.22,$6.22,62.2 ¢/oz
"HOUSE OF TSANG General Tso Stir-Fry Liquid Sauce, Shelf-Stable, 12.6 oz Glass Bottle",Cooking Sauces & Marinades,4.64,$4.64,36.8 ¢/oz
"Nissin Foods Raoh Ramen Noodle Soup, Umami Soy Sauce Flavor, 3.77 oz Bag, Shelf-Stable",Prepared & Packaged Soups,2.82,$2.82,74.8 ¢/oz
"(2 pack) Nissin Foods Hot & Spicy Fire Wok Stir Fry Asian Noodles, Molten Chili Chicken Flavor, 4.37 oz Bowl, Shelf-Stable",Prepared & Packaged Soups,2.76,$2.76,31.6 ¢/oz
Panda Express 20.5 oz Mandarin Sauce; Liquid,Cooking Sauces & Marinades,4.68,$4.68,22.8 ¢/oz
"Samyang Carbo Buldak Korean Spicy Hot Chicken Flavor Sauce, 7oz Bottle",Hot Sauces,4.97,$4.97,70.5 ¢/oz
"Patak's Butter Chicken Simmer Sauce, 15 oz",Cooking Sauces & Marinades,3.96,$3.96,26.4 ¢/oz
"Kitchen Table Beef Broccoli with Jasmine Rice Microwave Ready Single Serve Meal, 11.5 oz, Fresh",Packaged Meals,5.92,$5.92,51.5 ¢/oz
"(12 pack) Lucky Me Pancit Canton Chow Mein Noodles Chili Mansi Flavor, 2.12 oz",Noodles,12,$12.00,43.5 ¢/oz
Samyang Buldak Spicy Chicken Hot Sauce,Hot Sauces,5.22,$5.22,74.0 ¢/oz
"Lucky Me Pancit Canton Chow Mein Noodles Chili Mansi Flavor, 2.12 oz",Noodles,1,$1.00,43.5 ¢/oz
"(6 pack) Nissin Foods Chow Mein Instant Noodles, Chicken Flavor, 4.0 oz Tray, Shelf-Stable",Noodles,9.18,$9.18,38.3 ¢/oz
"Thai Kitchen Gluten Free Gluten Free Thin Rice Noodles, 8.8 oz Box",Noodles,4.72,$4.72,53.6 ¢/oz
"Samyang Spicy Chicken Ramen Prepared Soup, 2.46 oz cup",Prepared & Packaged Soups,2.08,$2.08,84.2 ¢/oz
"Nongshim Shin Gold Big Bowl Ramen Noodle Soup, 3.56oz X 1, Shelf-Stable",Prepared & Packaged Soups,2.18,$2.18,61.2 ¢/oz
"Nissin Foods Cup Noodles Stir Fry Ramen Noodles, Sweet Chili Flavor, 2.93 oz Cup, Shelf-Stable",Noodles,1.13,$1.13,38.6 ¢/oz
"(6 pack) Lucky Me Pancit Canton Chow Mein Noodles Kalamansi Flavor, 2.12 oz",Noodles,6,$6.00,43.5 ¢/oz
"La Choy Chow Mein Noodles, 12 Ounce Bag",Noodles,2.24,$2.24,18.7 ¢/oz
"(4 pack) Nongshim Shin Toomba Stir Fry Creamy Premium Ramen Noodle Soup Pack, 4.83 oz X 4 Count, Shelf-Stable",Prepared & Packaged Soups,35.08,$35.08,45.4 ¢/oz
"Kinder's Sweet Sesame Teriyaki Dipping Sauce, 15.5 oz Squeeze Bottle",Cooking Sauces & Marinades,4.98,$4.98,32.1 ¢/oz
"Choi Spicy Sriracha Chicken Flavor Ramen Cup, 2.29 oz",Prepared & Packaged Soups,1.33,$1.33,58.1 ¢/oz
"(2 pack) Sapporo ichiban Original Flavored Soup Japanese Style Noodles, 3.5 oz, 5 Count Bag",Noodles,9.44,$9.44,27.0 ¢/oz
"Great Value Yum Yum Sauce, 16.5 oz",Steak Sauces,3.32,$3.32,20.1 ¢/oz
"Lawry's Teriyaki With Pineapple Juice Marinade, 12.0 fl oz Bottle",Cooking Sauces & Marinades,2.58,$2.58,21.5 ¢/fl oz
"MAMA Noodle Shrimp Flavor, 2.12 oz, 5 Pack",Noodles,3.97,$3.97,37.5 ¢/oz
"(6 pack) Nissin Foods Cup Noodles Stir Fry Ramen Noodles, Sweet Chili Flavor, 2.93 oz Cup, Shelf-Stable",Noodles,6.78,$6.78,38.6 ¢/oz
"Nissin Foods Cup Noodles Stir Fry Ramen Noodles, Honey Sesame Chicken Flavor, 3.0 oz Cup, Shelf-Stable",Noodles,1.13,$1.13,37.7 ¢/oz
"Nissin Foods Cup Noodle Ramen Noodle Soup Curry, 2.8 oz Cup, Shelf-Stable",Noodles,2.08,$2.08,74.3 ¢/oz
"Birds Eye Long Grain White Rice, Frozen Side, 10 oz. Bag",Rice,1.33,$1.33,13.3 ¢/oz
"(2 pack) La Choy Chow Mein Noodles, 12 Ounce Bag",Noodles,4.48,$4.48,18.7 ¢/oz
"Lee Kum Kee Sriracha Chili Sauce 18 Oz - No Preservatives, Non-GMO, Gluten Free",Hot Sauces,4.88,$4.88,27.1 ¢/oz
"(4 pack) Nongshim Shin Ramyun Green Ramen Noodle Soup Pack, 4.4oz x 4 Count, Shelf-Stable",Prepared & Packaged Soups,35.08,$35.08,49.8 ¢/oz
"Soy Vay Veri Veri Teriyaki Marinade and Sauce, 21 fl oz Bottle",Cooking Sauces & Marinades,4.28,$4.28,20.4 ¢/oz
"Ocean's Halo, Organic Ramen Noodles, Vegan, USDA Organic, Fast and Easy, 8.4 oz",Noodles,3.34,$3.34,30.9 ¢/oz
(3 pack) Samyang Topokki Carbo Hot Chicken Bowl - Buldak Tteokbokki (179g),Noodles,12,$12.00,63.4 ¢/oz
"Bachan's Sweet & Spicy Japanese Dipping Sauce, 16oz Bottle - Bold, Fresh, Umami Flavor",Cooking Sauces & Marinades,7.98,$7.98,49.9 ¢/oz
"(6 pack) J-Basket Japanese Style Noodle Soup Microwavable Fresh Udon, 8.28 oz, 1 Count Bowl (Shelf-Stable)",Prepared & Packaged Soups,20.88,$20.88,42.0 ¢/oz
"(4 pack) Pholicious Instant Beef Pho, Vietnamese Rice Noodle Soup, Single Serve 3.6 Ounce Bowls, Ramen Alternative & Fresh Ingredients, As Seen on Shark Tank",Prepared & Packaged Soups,21.92,$21.92,$1.52/oz
"(3 pack) Indomie Halal-Certified, Original Flavor Mi Goreng Instant Stir Fry Noodles, 15 oz, 5 Pack Bag",Noodles,11.94,$11.94,26.5 ¢/oz
"Kinder's Sweet and Spicy Korean Wing Sauce and Dip, 15.5 oz Squeeze Bottle",Hot Sauces,5.23,$5.23,33.7 ¢/oz
"P.F. Chang's Home Menu Teriyaki Sauce, 14 fl oz.",Cooking Sauces & Marinades,4.17,$4.17,29.8 ¢/oz
"Panda Express Sweet Chili, 20.75 oz Liquid",Hot Sauces,4.68,$4.68,22.5 ¢/oz
"(4 pack) Nongshim Kimchi Spicy Red Chili Ramyun Ramen Noodle Soup Pack, 4.2oz X 4 Count, Shelf-Stable",Prepared & Packaged Soups,19.92,$19.92,29.6 ¢/oz
"(2 pack) Ocean's Halo, Organic and Vegan Rice Noodles, 6.3 oz.",Noodles,6.84,$6.84,54.3 ¢/oz
"Maruchan Ramen Noodle Soup, Creamy Chicken Flavor Instant Noodles, Shelf Stable, 3 oz Package",Prepared & Packaged Soups,0.38,$0.38,12.7 ¢/oz
"(2 pack) KA-ME STIR-FRY - THAI RIBBON NOODLES, 14.2oz",Noodles,7.56,$7.56,26.6 ¢/oz
"(2 pack) Kikkoman Takumi Teriyaki Sauce Original, 20.5 oz Glass Bottle",Cooking Sauces & Marinades,10.96,$10.96,26.7 ¢/oz
"Terry Ho's Yum Yum Sauce, Spicy, 14 fl oz",Steak Sauces,3.78,$3.78,27.0 ¢/fl oz
Tasty Bite Organic Chickpea Tikka Masala 10oz - Rich chickpea tikka masala,Packaged Meals,3.84,$3.84,38.4 ¢/oz
"(6 pack) Nissin Foods Top Ramen The Original Ramen Noodle Soup, Chicken Flavor, 3.42 oz Bowl, Shelf-Stable",Prepared & Packaged Soups,6,$6.00,29.2 ¢/oz
"Feel Good Foods Gluten-Free Chicken Soup Dumplings, 6oz",Prepared & Packaged Soups,6.46,$6.46,$1.08/oz
"Nissin Foods Hot & Spicy Fire Wok Asian Noodles Soup, Volcanic Mongolian Beef Flavor, 4.37 oz Bowl, Shelf-Stable",Prepared & Packaged Soups,1.38,$1.38,31.6 ¢/oz
Blue Elephant Royal Thai Cuisine 300g Ready to Heat Yellow Curry Liquid Sauce,Cooking Sauces & Marinades,5.12,$5.12,48.3 ¢/oz
"Huy Fong Sriracha Hot Chili Sauce Ketchup, 20 oz Bottle",Ketchup,3.34,$3.34,16.7 ¢/oz
"Shiitake Mushroom Chicken Ramen Noodles by Chef Ramsay, Chef Woo High Protein Ramen Cups",Prepared & Packaged Soups,1.97,$1.97,76.4 ¢/oz
"Sapporo Ichiban Tonkotsu Ramen Noodles, 3.7 oz Bag",Noodles,1,$1.00,27.0 ¢/oz
"MAMA Noodle-Chicken Flavor, 1.94 oz, 5 Pack",Noodles,3.97,$3.97,40.9 ¢/oz
Ty Ling Duck Sauce 10 oz,Cooking Sauces & Marinades,3.16,$3.16,31.6 ¢/oz
"Nissin Foods Hot & Spicy Fire Wok Stir Fry Asian Noodles, Sizzlin' Rich Pork Flavor, 4.37 oz Bowl, Shelf-Stable",Prepared & Packaged Soups,1.38,$1.38,31.6 ¢/oz
"(5 pack) Asha Original Sauce Medium Width Mandarin Ramen Noodles 5 Count, 16.75 oz",Noodles,34.9,$34.90,41.7 ¢/oz
"Blue Elephant Royal Thai Cuisine Ready to Heat Red Curry Sauce, 300g, Gluten Free",Cooking Sauces & Marinades,5.12,$5.12,48.3 ¢/oz
"(2 pack) Passage Foods Passage to Asia Gluten Free Red Thai Curry Stir Fry Sauce, 7 oz",Cooking Sauces & Marinades,6,$6.00,42.9 ¢/oz
"Feel Good Foods Gluten-Free Chicken Egg Rolls, 9oz",Packaged Appetizers,6.46,$6.46,71.8 ¢/oz
(2 pack) Samyang Topokki Hot Chicken Bowl - Buldak Tteokbokki (185g),Noodles,8,$8.00,64.0 ¢/oz
"(2 pack) KA-ME Udon Stir Fry Noodles, 7.1 oz, 2 Count",Noodles,7.56,$7.56,26.6 ¢/oz
"G Hughes Sugar Free Stir Fry Sauce, 12 oz",Cooking Sauces & Marinades,3.94,$3.94,32.8 ¢/oz
"Maruchan Gold Spicy Miso Flavor Instant Ramen Noodle Soup, 4.21 oz Package, Ready-to-Cook",Prepared & Packaged Soups,2.08,$2.08,49.4 ¢/oz
"Buffalo Wild Wings Asian Zing Sauce, 12 fl. oz.",Cooking Sauces & Marinades,3.44,$3.44,28.7 ¢/fl oz
"(2 pack) Ocean's Halo, Organic Ramen Noodles, Vegan, USDA Organic, Fast and Easy, 8.4 oz",Noodles,6.68,$6.68,30.9 ¢/oz
"Maya Kaimal Madras Curry Simmer Sauce, 12.5 oz",Cooking Sauces & Marinades,4.34,$4.34,34.7 ¢/oz
"Nongshim Bowl Noodle Hot & Spicy Beef Ramyun Ramen Noodle Soup Bowl, 3.03oz X 1 Count, Shelf-Stable",Prepared & Packaged Soups,1.43,$1.43,47.2 ¢/oz
"(6 pack) Nissin Foods Chow Mein Instant Noodles, Spicy Teriyaki Beef Flavor, 4.0 oz Tray, Shelf-Stable",Noodles,8.76,$8.76,36.5 ¢/oz
"Nissin Foods Top Ramen The Original Ramen Noodle Soup, Chicken Flavor, 3.42 oz Bowl, Shelf-Stable",Prepared & Packaged Soups,1,$1.00,29.2 ¢/oz
"(2 pack) Passage Foods Passage to Asia Gluten Free Teriyaki Chicken or Veggie Stir Fry Sauce, 7 oz",Cooking Sauces & Marinades,6,$6.00,42.9 ¢/oz
"(2 pack) Samyang Spicy Hot Chicken Flavor Instant Ramen, 4.94 oz, 5 pack",Prepared & Packaged Soups,13.36,$13.36,27.0 ¢/oz
"(2 pack) Kikkoman Stir Fry Sauce, 11.4Fl Oz",Cooking Sauces & Marinades,6.44,$6.44,28.2 ¢/oz
(6 pack) Samyang Topokki Carbo Hot Chicken Bowl - Buldak Tteokbokki (179g),Noodles,24,$24.00,63.4 ¢/oz
"(5 pack) Samyang Spicy Hot Chicken Flavor Instant Ramen, 4.94 oz, 5 pack",Noodles,37.4,$37.40,30.3 ¢/oz
"(8 pack) Maruchan Yakisoba Chili Cheese Flavor Noodles, 3.86 oz Shelf Stable Package",Packaged Meals,10.24,$10.24,33.2 ¢/oz
"Soy Vay Island Teriyaki Marinade & Sauce, 20 Ounce Bottle",Cooking Sauces & Marinades,4.28,$4.28,21.4 ¢/oz
"Ramen Express Chicken Flavor Ramen Noodles, Vegan, Halal, Kosher, 2.25 oz Cup",Noodles,0.66,$0.66,29.3 ¢/oz
"Nongshim Bowl Noodle Spicy Kimchi Ramyun Ramen Noodle Soup Bowl, 3.03oz X 1 Count, Shelf-Stable",Prepared & Packaged Soups,1.43,$1.43,47.7 ¢/oz
"G Hughes Sugar Free Orange Ginger Marinade, 13 oz",Cooking Sauces & Marinades,3.94,$3.94,30.3 ¢/oz
"Nissin Foods Top Ramen Noodle Soup, Chicken Flavor, 3 oz Bag, Shelf-Stable, 12-Pack",Prepared & Packaged Soups,3.58,$3.58,9.9 ¢/oz
(2 pack) Panda Express 20.5 oz Mandarin Sauce; Liquid,Cooking Sauces & Marinades,9.36,$9.36,22.8 ¢/oz
"(5 pack) Asha Sichuan Chili Wide Hakka Ramen Noodles, 3.35 oz, 5 Ct",Noodles,34.9,$34.90,41.7 ¢/oz
"Nissin Foods Top Ramen The Original Ramen Noodle Soup, Beef Flavor, 3.28 oz Bowl, Shelf-Stable",Packaged Meals,1.18,$1.18,36.0 ¢/oz
"Thai Kitchen Gluten Free Gluten Free Green Curry Paste, 4.0 oz Jar",Cooking Sauces & Marinades,4.88,$4.88,$1.22/oz
"(8 pack) Sapporo Ichiban Japanese Style Ramen Noodles in Chicken Broth, 3.5 oz Bag, Contains Wheat and Soy",Noodles,8,$8.00,28.6 ¢/oz
"(4 pack) Nongshim Shin Gold Spicy Chicken Broth Ramyun Premium Ramen Noodle Soup Pack, 4.58oz X 4 Count, See Item for Allergens",Prepared & Packaged Soups,35.08,$35.08,47.9 ¢/oz
"Feel Good Foods Gluten-Free Pork Potstickers, 8oz",Pork Rinds,6.46,$6.46,80.8 ¢/oz
"Nongshim Bowl Noodle Savory Lobster Ramyun Ramen Noodle Soup Bowl, 3.03oz X 1 Count, Shelf-Stable",Prepared & Packaged Soups,1.43,$1.43,47.2 ¢/oz
"Kinder's Teriyaki Marinade and Sauce with Garlic and Ginger, 15.5 oz Squeeze Bottle",Cooking Sauces & Marinades,4.18,$4.18,27.0 ¢/oz
Tasty Bite Organic Madras Lentils 10oz - Savory lentil curry,Packaged Meals,4.12,$4.12,41.2 ¢/oz
"Nongshim Shin Black Spicy Beef & Bone Broth Ramyun Premium Ramen Noodle Soup Cup, 3.5oz X 1 Count, Shelf-Stable",Prepared & Packaged Soups,2.54,$2.54,72.6 ¢/oz
"Nongshim Bowl Noodle Beef & Ginger Ramen Noodle Soup, 3.03 oz, Contains Wheat and Soy",Noodles,1.43,$1.43,47.2 ¢/oz
"Healthy Choice Simply Steamers Chicken Fried Rice, Frozen Meal, 10 oz. Bowl",Packaged Meals,3.42,$3.42,34.2 ¢/oz
"(4 pack) MAMA Pho Ga Chicken Flavor Instant Rice Noodles, 2.29 oz, 1 Count",Noodles,12,$12.00,$1.31/oz
"Nongshim Neoguri Spicy Seafood Ramyun Ramen Noodle Soup Pack, 4.2oz X 4 Count, See Item for Allergens",Prepared & Packaged Soups,4.98,$4.98,29.6 ¢/oz
"Lucky Me! Supreme Bulalo Instant Mami Noodles, 2.54 oz",Noodles,2.38,$2.38,95.2 ¢/oz
"(8 pack) Maruchan Yakisoba Korean BBQ Flavor Noodles, 4.12 oz Shelf Stable Package",Noodles,10.24,$10.24,31.1 ¢/oz
"(3 pack) La Choy Chicken Chow Mein, White Meat Chicken and Vegetables in Sauce, 42 oz",Packaged Meals,19.38,$19.38,15.4 ¢/oz
"(5 pack) Samyang Spicy Chicken Noodle Carbonara Flavor Ramen, 4.58 oz, 5 Pack",Noodles,37.4,$37.40,32.7 ¢/oz
"Nissin Foods Cup Noodle Ramen Noodle Soup Seafood, 2.7 oz Cup, Shelf-Stable",Prepared & Packaged Soups,2.08,$2.08,77.6 ¢/oz
"(24 pack) Maruchan Ramen Noodle Beef Flavor Soup, 3 oz, 12 Count, Shelf Stable Package",Noodles,6.68,$6.68,0.8 ¢/oz
"(3 pack) Huy Fong Foods Sriracha Hot Chili Sauce, Medium, 17 Oz - Low Sodium, No Artificial Preservatives",Hot Sauces,14.16,$14.16,27.8 ¢/oz
(6 pack) Hot Ones x A-Sha Sweet Chili Ramen Noodle Soup,Prepared & Packaged Soups,12.48,$12.48,83.2 ¢/oz
(3 pack) Lee Kum Kee Hoisin Sauce 20 oz.,Cooking Sauces & Marinades,14.34,$14.34,23.9 ¢/oz
(2 pack) Samyang Buldak Rose Ramen 5-pack,Noodles,14.96,$14.96,30.3 ¢/oz
"Nongshim Shin Ramyun Spicy Beef Ramen Noodle Soup Big Bowl, 4.02oz X 1 Count, Shelf-Stable",Prepared & Packaged Soups,2.18,$2.18,54.2 ¢/oz
"Maya Kaimal Organic Everyday Dal Red Lentil Butternut Squash Coconut, 10 Oz",Packaged Meals,4,$4.00,40.0 ¢/oz
"KC Masterpiece Honey Teriyaki Marinade, 16 fl oz Bottle",Cooking Sauces & Marinades,3.72,$3.72,23.3 ¢/oz
(12 pack) Samyang Topokki Carbo Hot Chicken Bowl - Buldak Tteokbokki (179g),Noodles,48,$48.00,63.4 ¢/oz
"Feel Good Foods Gluten-Free Pork Soup Dumplings, 6oz",Prepared & Packaged Soups,6.46,$6.46,$1.08/oz
"(3 pack) Samyang Spicy Chicken Noodle Carbonara Flavor Ramen, 4.58 oz, 5 Pack",Noodles,22.44,$22.44,32.7 ¢/oz
"Kona Coast Paradise Pineapple Teriyaki Marinade & Grilling Sauce, 15 oz Jar",Cooking Sauces & Marinades,3.12,$3.12,20.8 ¢/oz
"Nongshim Spicy Pot-au-feu Flavor Shin Black Noodle Soup, 4.58 oz, (Pack of 4)",Prepared & Packaged Soups,8.77,$8.77,47.9 ¢/oz
"(8 pack) Maruchan Yakisoba Orange Chicken Flavor Noodles, 4.23 oz Shelf Stable Package",Prepared & Packaged Soups,10.24,$10.24,30.3 ¢/oz
"Nissin Foods Top Ramen The Original Ramen Noodle Soup, Beef Flavor, 3 oz Bag, Shelf-Stable, 12 Count",Prepared & Packaged Soups,3.58,$3.58,9.9 ¢/oz
"(3 pack) Buffalo Wild Wings Asian Zing Sauce, 12 fl. oz.",Cooking Sauces & Marinades,10.32,$10.32,28.7 ¢/fl oz
"(4 pack) Samyang Spicy Chicken Noodle Carbonara Flavor Ramen, 4.58 oz, 5 Pack",Noodles,29.92,$29.92,32.7 ¢/oz
"(2 pack) Soy Vay Veri Veri Teriyaki Marinade and Sauce, 21 fl oz Bottle",Cooking Sauces & Marinades,8.56,$8.56,20.4 ¢/oz
"Nongshim Bowl Noodle Spicy Chicken Ramen Noodle Soup Bowl, 3.03oz X 1, Shelf-Stable",Prepared & Packaged Soups,1.43,$1.43,47.2 ¢/oz
"(2 pack) La Choy Stir Fry Vegetables, Canned Vegetables for Asian Dishes, 28 oz Can",Canned & Jarred Vegetables,6.54,$6.54,11.7 ¢/oz
"(6 pack) Ramen Express Beef Flavor Ramen Noodles, Vegan, Halal, Kosher, 2.25 oz Cup",Prepared & Packaged Soups,3.96,$3.96,29.3 ¢/oz
Sweet Baby Ray's Sweet Teriyaki Sauce & Marinade 16 fl oz,Cooking Sauces & Marinades,3.56,$3.56,22.3 ¢/fl oz
(6 pack) Hot Ones x A-Sha Garlic Chili Ramen Noodle Soup,Prepared & Packaged Soups,12.48,$12.48,83.2 ¢/oz
(6 pack) Samyang Topokki Hot Chicken Bowl - Buldak Tteokbokki (185g),Noodles,24,$24.00,64.0 ¢/oz
"Lucky Seoul Original Kimchi, 14 oz Jar",Canned & Jarred Vegetables,4.87,$4.87,34.8 ¢/oz
"(2 pack) Nongshim Shin Gold Big Bowl Ramen Noodle Soup, 3.56oz X 1, Shelf-Stable",Noodles,4.36,$4.36,61.2 ¢/oz
"(3 pack) Samyang Spicy Hot Chicken Flavor Instant Ramen, 4.94 oz, 5 pack",Noodles,22.44,$22.44,30.3 ¢/oz
"Great Value Extra Noodle Chicken Flavored Soup Mix, 4.9 oz",Prepared & Packaged Soups,1.18,$1.18,24.1 ¢/oz
"Maya Kaimal Tikka Masala Simmer Sauce, 12.5 oz",Cooking Sauces & Marinades,5.58,$5.58,44.6 ¢/oz
"(24 pack) Nissin Foods Top Ramen Instant Ramen Noodle Soup, Beef Flavor, 3 oz Bag, Shelf-Stable",Noodles,7.2,$7.20,10.0 ¢/oz
"Miracle Noodle Fettuccine Noodles, High Protein, Low Carb Pasta, 7 oz",Noodles,4.68,$4.68,66.9 ¢/oz
"Great Value Instant White Rice, 28 oz",Rice,2.62,$2.62,9.4 ¢/oz
Blue Elephant Green Curry Sauce,Cooking Sauces & Marinades,5.12,$5.12,48.3 ¢/oz
"(6 pack) Ocean's Halo, Organic Ramen Noodles, Vegan, USDA Organic, Fast and Easy, 8.4 oz",Noodles,20.04,$20.04,30.9 ¢/oz
(3 pack) Samyang Topokki Hot Chicken Bowl - Buldak Tteokbokki (185g),Noodles,12,$12.00,64.0 ¢/oz
"(4 pack) Lucky Me! Supreme Bulalo Instant Mami Noodles, 2.54 oz",Noodles,9.52,$9.52,95.2 ¢/oz
"(4 pack) Samyang Spicy Hot Chicken Flavor Instant Ramen, 4.94 oz, 5 pack",Noodles,29.92,$29.92,30.3 ¢/oz
"(12 pack) Nissin Foods The Original Cup Noodles Ramen Noodle Soup, Beef Flavor, 2.25 oz Cup, Shelf-Stable",Noodles,6,$6.00,22.2 ¢/oz
"(4 pack) Nongshim Shin Black Spicy Beef & Bone Broth Ramyun Premium Ramen Noodle Soup Cup, 3.5oz X 1 Count, Shelf-Stable",Prepared & Packaged Soups,10.16,$10.16,72.6 ¢/oz
"(6 pack) Nissin Foods Top Ramen The Original Ramen Noodle Soup, Beef Flavor, 3.28 oz Bowl, Shelf-Stable",Prepared & Packaged Soups,7.08,$7.08,36.0 ¢/oz
"(6 pack) Lucky Me La Paz Batchoy Supreme Noodles, 2.29 Oz",Noodles,13.68,$13.68,99.1 ¢/oz
"Ramen Express Beef Flavor Ramen Noodles, Vegan, Halal, Kosher, 2.25 oz Cup",Noodles,0.66,$0.66,29.3 ¢/oz
(6 pack) Hot Ones x A-Sha Smoky Chili Ramen Noodle Soup,Prepared & Packaged Soups,12.48,$12.48,83.2 ¢/oz
"(4 pack) Maruchan Yakisoba Fire Spicy Beef Flavor Noodles, Shelf Stable, 3.99 oz Package",Noodles,5.12,$5.12,32.1 ¢/oz
"(6 pack) Nongshim Bowl Noodle Savory Lobster Ramyun Ramen Noodle Soup Bowl, 3.03oz X 1 Count, Shelf-Stable",Prepared & Packaged Soups,8.58,$8.58,47.2 ¢/oz
"(2 pack) Kikkoman Sweet and Sour Sauce, 12 oz",Cooking Sauces & Marinades,6.56,$6.56,28.5 ¢/oz
"(6 pack) Nongshim Bowl Noodle Hot & Spicy Beef Ramyun Ramen Noodle Soup Bowl, 3.03oz X 1 Count, Shelf-Stable",Prepared & Packaged Soups,8.58,$8.58,47.2 ¢/oz
"(2 pack) Passage to Asia Yellow Thai Bowl, 9.87 oz. Shelf Stable",Rice,7,$7.00,35.4 ¢/oz
"(3 pack) Panda Express Orange Sauce, 20.75 Liquid",Cooking Sauces & Marinades,14.04,$14.04,22.5 ¢/oz
(12 pack) Samyang Topokki Hot Chicken Bowl - Buldak Tteokbokki (185g),Noodles,48,$48.00,64.0 ¢/oz
"(3 pack) Maggi Mild Sweet Thai Asian Garlic Chili Hot Sauce, 11.43 fl oz Bottle",Hot Sauces,6.72,$6.72,19.6 ¢/fl oz
"(3 pack) Sapporo Ichiban Tonkotsu Ramen Noodles, 18.5 Oz, 5-Pack",Noodles,14.16,$14.16,25.5 ¢/oz
(2 pack) Ty Ling Duck Sauce 10 oz,Cooking Sauces & Marinades,6.32,$6.32,31.6 ¢/oz
"(6 pack) Lucky Me! Supreme Bulalo Instant Mami Noodles, 2.54 oz",Noodles,14.28,$14.28,95.2 ¢/oz
"(3 pack) Nissin Foods Cup Noodle Ramen Noodle Soup Curry, 2.8 oz Cup, Shelf-Stable",Prepared & Packaged Soups,6.24,$6.24,74.3 ¢/oz
"(6 pack) MAMA Pho Bo Rice Noodle with Artificial Beef Flavor, 2.29 oz, 1 Count",Noodles,18,$18.00,$1.31/oz
"(6 pack) Samyang Spicy Chicken Noodle Carbonara Flavor Ramen, 4.58 oz, 5 Pack",Noodles,44.88,$44.88,32.7 ¢/oz
(2 pack) Blue Elephant Royal Thai Cuisine 300g Ready to Heat Yellow Curry Liquid Sauce,Cooking Sauces & Marinades,10.24,$10.24,48.3 ¢/oz
"(2 pack) Nongshim Shin Ramyun Spicy Beef Ramen Noodle Soup Big Bowl, 4.02oz X 1 Count, Shelf-Stable",Prepared & Packaged Soups,4.36,$4.36,54.2 ¢/oz
"(2 pack) P.F. Chang's Home Menu Teriyaki Sauce, 14 fl oz.",Cooking Sauces & Marinades,8.34,$8.34,29.8 ¢/oz
(2 pack) Tasty Bite Organic Chickpea Tikka Masala 10oz - Rich chickpea tikka masala,Packaged Meals,7.68,$7.68,38.4 ¢/oz
"(2 pack) Blue Elephant Royal Thai Cuisine Ready to Heat Red Curry Sauce, 300g, Gluten Free",Cooking Sauces & Marinades,10.24,$10.24,48.3 ¢/oz
"(2 pack) Kinder's Teriyaki Marinade and Sauce with Garlic and Ginger, 15.5 oz Squeeze Bottle",Cooking Sauces & Marinades,8.36,$8.36,27.0 ¢/oz
"(5 pack) Nongshim Bowl Noodle Beef & Ginger Ramen Noodle Soup, 3.03 oz, Contains Wheat and Soy",Prepared & Packaged Soups,7.15,$7.15,47.2 ¢/oz
"(2 pack) HOUSE OF TSANG General Tso Stir-Fry Liquid Sauce, Shelf-Stable, 12.6 oz Glass Bottle",Cooking Sauces & Marinades,9.28,$9.28,36.8 ¢/oz
"(2 pack) Passage to India Butter Chicken Simmer Sauce - 20 Minute Authentic Indian Curry, 13.2 oz by Passage Foods",Cooking Sauces & Marinades,7.28,$7.28,27.6 ¢/oz
"(6 pack) Nongshim Bowl Noodle Spicy Chicken Ramen Noodle Soup Bowl, 3.03oz X 1, Shelf-Stable",Prepared & Packaged Soups,8.58,$8.58,47.2 ¢/oz
(6 pack) Buldak Spicy Chicken Flavor Raman Cup Cheese,Noodles,12.48,$12.48,84.6 ¢/oz
"(2 pack) La Choy Sweet and Sour Stir Fry Sauce & Marinade, 14.8 oz",Cooking Sauces & Marinades,6.54,$6.54,22.1 ¢/oz
"Kinder's Sweet and Sour Wing Sauce and Dip, 16.9 oz Squeeze Bottle",Cooking Sauces & Marinades,4.98,$4.98,29.5 ¢/oz
"(2 pack) Terry Ho's Yum Yum Sauce, Original, 14 fl oz",Cooking Sauces & Marinades,7.56,$7.56,27.0 ¢/fl oz
"(12 pack) Samyang Spicy Chicken Noodle Carbonara Flavor Ramen, 4.58 oz, 5 Pack",Noodles,89.76,$89.76,32.7 ¢/oz
"Kevin's Natural Foods Roasted Garlic Chicken, Full Size Refrigerated Entree, 16 oz",Packaged Meals,10.88,$10.88,68.0 ¢/oz
(3 pack) Blue Elephant Royal Thai Cuisine 300g Ready to Heat Yellow Curry Liquid Sauce,Cooking Sauces & Marinades,15.36,$15.36,48.3 ¢/oz
"(3 pack) Polar, Stir Fry Vegetable, 15 oz",Canned & Jarred Vegetables,6.24,$6.24,13.9 ¢/oz
"(2 pack) Patak's Korma Simmer Sauce, 15 oz",Cooking Sauces & Marinades,7.92,$7.92,26.4 ¢/oz
"(12 pack) Sapporo Ichiban Tonkotsu Ramen Noodles, 3.7 oz Bag",Noodles,12,$12.00,27.0 ¢/oz
"(3 pack) Patak's Butter Chicken Simmer Sauce, 15 oz",Cooking Sauces & Marinades,11.88,$11.88,26.4 ¢/oz
"(3 pack) Great Value Teriyaki Sauce, 15 fl oz, 1 Count",Cooking Sauces & Marinades,8.19,$8.19,18.2 ¢/fl oz
"(2 pack) Miracle Noodle Fettuccine Noodles, High Protein, Low Carb Pasta, 7 oz",Noodles,9.36,$9.36,66.9 ¢/oz
"(3 pack) Miracle Noodle Fettuccine Noodles, High Protein, Low Carb Pasta, 7 oz",Noodles,14.04,$14.04,66.9 ¢/oz
"Lea & Perrins The Original Worcestershire Sauce, 10 fl oz Bottle",Worcestershire Sauce,5.47,$5.47,54.7 ¢/fl oz
"(6 pack) Miracle Noodle Fettuccine Noodles, High Protein, Low Carb Pasta, 7 oz",Noodles,28.08,$28.08,66.9 ¢/oz
"(8 pack) BEN'S ORIGINAL Jasmine Rice Single Serve Cup, Snack or Side, Microwave in 3.5 Minutes, 2.4 oz",Rice,13.84,$13.84,78.6 ¢/oz
"(2 pack) Chick-fil-A Polynesian Sauce, 16 fl oz Squeeze Bottle",Cooking Sauces & Marinades,8.34,$8.34,26.1 ¢/fl oz
"Buffalo Wild Wings Sweet & Sour Sauce, 12 fl. oz.",Cooking Sauces & Marinades,3.44,$3.44,28.7 ¢/fl oz
"Heinz Chili Sauce, 12 oz Bottle",Hot Sauces,2.98,$2.98,24.8 ¢/oz
"KC Masterpiece Classic Steakhouse Marinade, 16 fl oz Bottle",Cooking Sauces & Marinades,3.72,$3.72,23.3 ¢/fl oz
"(12 pack) SPAM 25% Less Sodium, Canned Meats, 7 Grams of Protein, Shelf-Stable, 12 oz Aluminum Can",Canned & Jarred Meats,29.76,$29.76,20.7 ¢/oz
"Bush's Brown Sugar Hickory Baked Beans, Canned Beans, 28 oz Can",Canned & Jarred Beans & Legumes,2.16,$2.16,7.7 ¢/oz
"Bush's Original Baked Beans, Canned Beans, 28 oz Can",Canned & Jarred Beans & Legumes,2.16,$2.16,7.7 ¢/oz
"Bush's Vegetarian Baked Beans, Canned Beans, 28 oz",Canned & Jarred Beans & Legumes,2.16,$2.16,7.7 ¢/oz
"Bush's Maple and Cured Bacon Baked Beans, Canned Beans, 28 oz",Canned & Jarred Beans & Legumes,2.16,$2.16,7.7 ¢/oz
"Verde Valle Peruano Mayocoba Beans, 32 oz",Dry Beans & Legumes,6.28,$6.28,19.6 ¢/oz
S&W Pinto Beans 15.5 oz. Can,Canned & Jarred Beans & Legumes,1.42,$1.42,9.2 ¢/oz
"Great Value Organic Tri-Color Bean Blend, 15 oz Can",Canned & Jarred Beans & Legumes,1.16,$1.16,7.7 ¢/oz
S&W White Beans - Navy Beans - 15.5 oz. Can,Canned & Jarred Beans & Legumes,1.28,$1.28,8.3 ¢/oz
"Bush's Dark Red Kidney Beans, Canned Beans, 16 oz",Canned & Jarred Beans & Legumes,1.28,$1.28,8.0 ¢/oz
"Great Value Pinto Beans, No Salt Added, 15.5 oz",Canned & Jarred Beans & Legumes,0.92,$0.92,5.9 ¢/oz
"Bush's Country Style Baked Beans, Canned Beans, 28 oz Can",Canned & Jarred Beans & Legumes,2.16,$2.16,7.7 ¢/oz
"Bush's Vegetarian Baked Beans, Canned Beans, 16 oz Can",Canned & Jarred Beans & Legumes,1.38,$1.38,8.6 ¢/oz
S&W Garbanzo Beans - Low Sodium - 15.5 oz. Can,Canned & Jarred Beans & Legumes,1.28,$1.28,8.3 ¢/oz
"Great Value Great Northern Beans, 32 oz",Dry Beans & Legumes,2.26,$2.26,7.1 ¢/oz
"Bush's Great Northern Beans, Canned Beans, 15.8 oz",Canned & Jarred Beans & Legumes,1.28,$1.28,8.1 ¢/oz
"Great Value Traditional Refried Beans, 16 oz",Canned & Jarred Beans & Legumes,1,$1.00,6.3 ¢/oz
"Great Value Dark Red Kidney Beans, No Salt Added, 15.5 oz",Canned & Jarred Beans & Legumes,0.86,$0.86,5.5 ¢/oz
"La Costea Canned Black Beans, 19.75 oz",Canned & Jarred Beans & Legumes,1.72,$1.72,8.7 ¢/oz
"Great Value Large Lima Beans, 1 lb",Dry Beans & Legumes,1.98,$1.98,12.4 ¢/oz
"Bush's Steakhouse Recipe Grillin' Beans, Canned Beans in Sweet and Smoky Sauce, 22 oz",Canned & Jarred Beans & Legumes,2.48,$2.48,11.3 ¢/oz
"Bush's Zero Sugar Added Baked Beans, Canned Beans, 27.5 oz Can",Canned & Jarred Beans & Legumes,2.48,$2.48,9.0 ¢/oz
"Great Value Pinto Beans, 20 lb",Dry Beans & Legumes,16.47,$16.47,5.1 ¢/oz
"Bush's Cannellini Beans, Canned White Kidney Beans, 15.5 oz Can",Canned & Jarred Beans & Legumes,1.28,$1.28,8.3 ¢/oz
"Bush's Sidekicks Southwest Zest Pinto Beans, Canned Beans, 15 oz Can",Canned & Jarred Beans & Legumes,1.54,$1.54,10.3 ¢/oz
"La Costea Canned Charro Beans with Bacon and Chorizo, 20 oz",Canned & Jarred Beans & Legumes,2.18,$2.18,11.0 ¢/oz
"Great Value Organic Pinto Beans, Canned, 15 oz",Canned & Jarred Beans & Legumes,1.16,$1.16,7.7 ¢/oz
"Bush's Homestyle Baked Beans, Canned Beans, 28 oz Can",Canned & Jarred Beans & Legumes,2.16,$2.16,7.7 ¢/oz
"Bush's Original Baked Beans, Canned Beans, 8.3 oz Can",Canned & Jarred Beans & Legumes,1.52,$1.52,18.3 ¢/oz
"Bush's Large Butter Beans Beans, Canned Butter Beans, 16 oz Can",Canned & Jarred Beans & Legumes,1.57,$1.57,9.8 ¢/oz
"Bush's Original Baked Beans, Canned Beans, 16 oz Can",Canned & Jarred Beans & Legumes,2.14,$2.14,13.4 ¢/oz
"Great Value Fat Free Refried Beans, 16 oz",Canned & Jarred Beans & Legumes,1,$1.00,6.3 ¢/oz
"Hurst's HamBeens 15 Bean Soup, 20 oz",Prepared & Packaged Soups,2.82,$2.82,14.1 ¢/oz
S&W Pinto Chili Beans 15.5 oz. Can,Canned & Jarred Beans & Legumes,1.28,$1.28,8.3 ¢/oz
"Great Value No Salt Added Cut Green Beans, 14.5 oz",Canned & Jarred Vegetables,0.76,$0.76,5.2 ¢/oz
S&W Pinto Beans - Low Sodium - 15.5 oz. Can,Canned & Jarred Beans & Legumes,1.42,$1.42,9.2 ¢/oz
"Bush's Canned Garbanzo Beans, Canned Chickpeas, 16 oz Can",Canned & Jarred Beans & Legumes,1.28,$1.28,8.0 ¢/oz
"Bush's Reduced Sodium Black Beans, 15 oz Can",Canned & Jarred Beans & Legumes,1.28,$1.28,8.5 ¢/oz
S&W Garbanzo Beans - Chick Peas - 15.5 oz. Can,Canned & Jarred Beans & Legumes,1.28,$1.28,8.3 ¢/oz
"Great Value Pink Beans, 1 lb",Dry Beans & Legumes,1.36,$1.36,8.5 ¢/oz
"Bush's Traditional Refried Beans, Canned Mashed Pinto Beans, 16 oz Can",Canned & Jarred Beans & Legumes,1.64,$1.64,10.3 ¢/oz
S&W Cannellini Beans - White Kidney Beans - 15.5 oz. Can,Canned & Jarred Beans & Legumes,1.28,$1.28,8.3 ¢/oz
"Bush's Bourbon and Brown Sugar Grillin' Beans, Canned Navy Beans, 22 oz",Canned & Jarred Beans & Legumes,2.48,$2.48,11.3 ¢/oz
"(4 pack) Old El Paso Traditional Canned Refried Beans, 1 Can, 16 oz",Canned & Jarred Beans & Legumes,7.52,$7.52,11.8 ¢/oz
"Bush's Chili Beans, Canned Pinto Beans in Mild Chili Sauce, 16 oz Can",Canned & Jarred Beans & Legumes,1.82,$1.82,11.4 ¢/oz
"Great Value Kosher Pinto Beans, 16 oz",Dry Beans & Legumes,1.08,$1.08,6.8 ¢/oz
"Great Value Small Red Beans, 16 oz",Dry Beans & Legumes,1.87,$1.87,11.7 ¢/oz
"La Costena Whole Pinto Beans with Jalapenos, 29 oz",Canned & Jarred Beans & Legumes,1.66,$1.66,8.4 ¢/oz
"Great Value Garbanzos Chick Peas, 15.5 oz",Canned & Jarred Beans & Legumes,0.86,$0.86,5.5 ¢/oz
"El Mexicano Pinto Beans, 4 lb Bag",Dry Beans & Legumes,6.92,$6.92,10.8 ¢/oz
S&W Kidney Beans - Low Sodium - 15.5 oz. Can,Canned & Jarred Beans & Legumes,1.28,$1.28,8.3 ¢/oz
"Rosarita Vegetarian Refried Beans, 16 oz.",Canned & Jarred Beans & Legumes,1.62,$1.62,10.1 ¢/oz
"Goya Ducal Refried Black Beans, 15 Oz",Canned & Jarred Beans & Legumes,2.88,$2.88,19.2 ¢/oz
"Bush's Sidekicks Taco Fiesta Black Beans, Canned Black Beans, 15.1 oz Can",Canned & Jarred Beans & Legumes,1.54,$1.54,10.2 ¢/oz
"Rosarita Traditional Refried Beans, 16 oz.",Canned & Jarred Beans & Legumes,1.62,$1.62,10.1 ¢/oz
"Great Value Brown Sugar Hickory Baked Beans, 15 oz Can",Canned & Jarred Beans & Legumes,1.23,$1.23,8.2 ¢/oz
"Old El Paso Traditional Refried Beans, Value Size, 31 oz.",Canned & Jarred Beans & Legumes,3.67,$3.67,11.8 ¢/oz
"Bush's Maple and Cured Bacon Baked Beans, Canned Beans, 16 oz Can",Canned & Jarred Beans & Legumes,1.94,$1.94,12.1 ¢/oz
"Del Monte Fresh Cut Green Beans, Canned Vegetables, 14.5 oz Can (Pack of 4)",Canned & Jarred Vegetables,5.68,$5.68,9.8 ¢/oz
"La Costea Canned Refried Black Beans, 20.5 oz",Canned & Jarred Beans & Legumes,1.74,$1.74,8.5 ¢/oz
"Bush's Original Baked Beans, Canned Beans, 55 oz Can",Canned & Jarred Beans & Legumes,4.14,$4.14,7.5 ¢/oz
"Rosarita No Fat Traditional Refried Beans, 16 oz.",Canned & Jarred Beans & Legumes,1.62,$1.62,10.1 ¢/oz
"Rosarita Spicy Jalapeno Refried Beans, 16 oz.",Canned & Jarred Beans & Legumes,1.62,$1.62,10.1 ¢/oz
"Bush's Zero Sugar Added Baked Beans, Canned Beans, 15.8 oz Can",Canned & Jarred Beans & Legumes,2.14,$2.14,13.5 ¢/oz
"Ducal Refried Red Beans, 15 Oz",Canned & Jarred Beans & Legumes,2.88,$2.88,19.2 ¢/oz
"Great Value Organic Dark Red Kidney Beans, 15 oz",Canned & Jarred Beans & Legumes,1.16,$1.16,7.7 ¢/oz
"Great Value Brown Sugar Hickory Baked Beans, 28 oz Can",Canned & Jarred Beans & Legumes,1.94,$1.94,6.9 ¢/oz
"Great Value Canned French Style Green Beans, 14.5 oz Can",Canned & Jarred Vegetables,0.76,$0.76,5.3 ¢/oz
"Great Value Cut Green Beans, Gluten-Free, 28 oz Can",Canned & Jarred Vegetables,1.37,$1.37,4.9 ¢/oz
Isadora Original Recipe Refried Beans 15.2 Oz,Canned & Jarred Beans & Legumes,1.83,$1.83,12.0 ¢/oz
"Great Value Country Style Baked Beans, 15 oz Can",Canned & Jarred Beans & Legumes,1.23,$1.23,8.2 ¢/oz
"Hursts HamBeens Cajun 15 Bean Soup, 20 oz",Prepared & Packaged Soups,2.82,$2.82,14.1 ¢/oz
"Great Value Hot Chili Beans, 15.5 oz",Canned & Jarred Beans & Legumes,0.86,$0.86,5.5 ¢/oz
"Del Monte Cut Green Beans, Canned Vegetables, 14.5 oz Can",Canned & Jarred Vegetables,1.24,$1.24,8.6 ¢/oz
"BeanVIVO Organics Baja Black Beans, Plant Based Protein, Microwavable, Gluten-Free, 10 oz Pouch",Canned & Jarred Beans & Legumes,2.48,$2.48,24.8 ¢/oz
"Read Canned 3 Beans Salad, 15 oz Can",Canned & Jarred Vegetables,2.27,$2.27,15.1 ¢/oz
"El Mexicano Pinto Beans, 2 lb Bag",Dry Beans & Legumes,3.53,$3.53,11.0 ¢/oz
"Great Value Black Eyed Peas, 1 lb",Dry Beans & Legumes,1.28,$1.28,8.0 ¢/oz
"La Costea Canned Refried Pinto Beans, 20.5 oz",Canned & Jarred Beans & Legumes,1.82,$1.82,8.9 ¢/oz
"Rosarita Traditional Refried Beans, 30 oz.",Canned & Jarred Beans & Legumes,2.82,$2.82,9.4 ¢/oz
S&W Pinto Chili Beans - Low Sodium - 15.5 oz. Can,Canned & Jarred Beans & Legumes,1.28,$1.28,8.3 ¢/oz
"Great Value Chick Peas Garbanzos, 1 lb",Dry Beans & Legumes,1.46,$1.46,9.1 ¢/oz
"Old El Paso Traditional Canned Refried Beans, 1 Can, 16 oz",Canned & Jarred Beans & Legumes,1.88,$1.88,11.8 ¢/oz
"Del Monte Canned Cut Golden Wax Beans, 14.5 oz Can",Canned & Jarred Vegetables,2.38,$2.38,16.4 ¢/oz
"Great Value Black Beans, 16 oz",Dry Beans & Legumes,1.58,$1.58,9.9 ¢/oz
"(3 pack) Great Value Pinto Beans, 4 lb",Dry Beans & Legumes,11.28,$11.28,5.9 ¢/oz
"Bush's Grillin' Beans Southern Pit Barbeque, Canned Beans in Sweet & Smoky Sauce, 22 oz",Canned & Jarred Beans & Legumes,2.48,$2.48,11.3 ¢/oz
GOYA Green Pigeon Peas (Gandules) 15 oz Can,Canned & Jarred Vegetables,2.08,$2.08,13.9 ¢/oz
"Van Camp's Pork And Beans In Tomato Sauce, 5g Protein Per Serving, Canned Beans, 15 oz. Can",Canned & Jarred Beans & Legumes,1.08,$1.08,7.2 ¢/oz
"Van Camp's Pork and Beans, 6g Protein Per Serving, Canned Beans, 28 oz. Can",Canned & Jarred Beans & Legumes,2.08,$2.08,7.4 ¢/oz
"Del Monte Lima Beans, Canned Vegetables, 15.25 oz Can",Canned & Jarred Beans & Legumes,2.38,$2.38,15.6 ¢/oz
"Del Monte Harvest Selects Lima Beans, Canned Vegetables, 8.5 oz Can",Canned & Jarred Vegetables,1.47,$1.47,17.3 ¢/oz
"Great Value Pigeon Peas, 1 lb",Dry Beans & Legumes,1.98,$1.98,12.4 ¢/oz
"Great Value Original Baked Beans, 28 oz",Canned & Jarred Beans & Legumes,1.94,$1.94,6.9 ¢/oz
"La Choy Bean Sprouts, Canned Vegetables, 14 oz Can",Canned & Jarred Vegetables,1.84,$1.84,13.1 ¢/oz
"(4 pack) Great Value Mayocoba Beans, 1 lb",Dry Beans & Legumes,5.92,$5.92,9.3 ¢/oz
"(12 pack) Great Value Organic Tri-Color Bean Blend, 15 oz Can",Canned & Jarred Beans & Legumes,13.92,$13.92,7.7 ¢/oz
"(2 pack) Great Value Black Beans, 32 oz",Dry Beans & Legumes,5.76,$5.76,9.0 ¢/oz
"(8 pack) Great Value Light Red Kidney Beans, 1 lb",Dry Beans & Legumes,9.76,$9.76,7.6 ¢/oz
"Del Monte French Style Green Beans, Canned Vegetables, 14.5 oz Can",Canned & Jarred Vegetables,1.25,$1.25,8.6 ¢/oz
"(4 pack) Old El Paso Traditional Refried Beans, Value Size, 31 oz.",Canned & Jarred Beans & Legumes,14.68,$14.68,11.8 ¢/oz
"Great Value Cut Green Beans, 8 oz",Canned & Jarred Vegetables,0.58,$0.58,7.3 ¢/oz
"(2 pack) La Costea Canned Pinto Beans, 19.75 oz",Canned & Jarred Beans & Legumes,3.44,$3.44,8.7 ¢/oz
"Great Value Original Baked Beans, 15 oz Can",Canned & Jarred Beans & Legumes,1.23,$1.23,8.2 ¢/oz
"Great Value French Style Green Beans, No Salt Added, Gluten-Free, 14.25 oz",Canned & Jarred Vegetables,0.76,$0.76,5.3 ¢/oz
"Bush's Bluey Baked Beans, Canned Beans, 15.8 oz Can",Canned & Jarred Beans & Legumes,2.46,$2.46,15.6 ¢/oz
"La Costea Canned Fat Free Refried Pinto Beans, 20.4 oz",Canned & Jarred Beans & Legumes,1.74,$1.74,8.5 ¢/oz
(2 pack) SunVista Pinto Beans 40oz Can,Canned & Jarred Beans & Legumes,5.84,$5.84,7.3 ¢/oz
"(3 pack) Great Value Great Northern Beans, 32 oz",Dry Beans & Legumes,6.78,$6.78,7.1 ¢/oz
"(8 pack) Great Value Black Beans, 1 lb",Dry Beans & Legumes,12.64,$12.64,9.9 ¢/oz
"Verde Valle Foods Isadora Refried Black Beans, 15.2 oz",Packaged Meals,1.83,$1.83,12.0 ¢/oz
"Bush's Homestyle Baked Beans, Canned Beans, 55 oz Can",Canned & Jarred Beans & Legumes,4.14,$4.14,7.5 ¢/oz
SunVista Black Beans 40 oz. Can,Canned & Jarred Beans & Legumes,2.92,$2.92,7.3 ¢/oz
"Campbell's Pork and Beans, 19.75 oz Can",Canned & Jarred Beans & Legumes,1.42,$1.42,7.2 ¢/oz
"Libby's Cut Green Beans Lightly Seasoned With Sea Salt, 4 Oz, 4 Count Box",Canned & Jarred Vegetables,2.58,$2.58,16.1 ¢/oz
"(12 pack) Great Value Light Red Kidney Beans, 15.5 oz",Canned & Jarred Beans & Legumes,10.32,$10.32,5.5 ¢/oz
Bush's Hot Honey Grillin' Beans 21.7 oz,Canned & Jarred Beans & Legumes,2.48,$2.48,11.4 ¢/oz
"Del Monte Blue Lake Whole Green Beans, Canned Vegetables, 14.5 oz Can",Canned & Jarred Vegetables,2.38,$2.38,16.4 ¢/oz
"(8 pack) Great Value Small Red Beans, 1 lb",Dry Beans & Legumes,14.96,$14.96,11.7 ¢/oz
"Great Value Canned Black Eyed Peas, 15.5 oz Can",Canned & Jarred Beans & Legumes,1.24,$1.24,8.0 ¢/oz
"Great Value Great Northern Dried Beans, 16 oz",Dry Beans & Legumes,1.87,$1.87,11.7 ¢/oz
"Great Value Large Lima Beans, 16 oz",Dry Beans & Legumes,1.98,$1.98,12.4 ¢/oz
"Great Value Garbanzos Chick Peas, 16 oz",Dry Beans & Legumes,1.46,$1.46,9.1 ¢/oz
"Great Value Light Red Kidney Beans, 16 oz",Dry Beans & Legumes,1.22,$1.22,7.6 ¢/oz
"Del Monte French Style Green Beans, 14.5 oz",Canned & Jarred Vegetables,2.38,$2.38,16.4 ¢/oz
"(9 pack) Great Value Navy Beans, 1 lb",Dry Beans & Legumes,11.52,$11.52,8.0 ¢/oz
"Del Monte Blue Lake Cut Green Beans, Soft, Canned Vegetables, 28 oz Aluminum Can",Canned & Jarred Vegetables,2.77,$2.77,9.9 ¢/oz
"Del Monte Italian Beans, Canned Vegetables, 14.5 oz Can",Canned & Jarred Vegetables,2.22,$2.22,15.3 ¢/oz
"La Costea Canned Refried Pinto Beans with Jalapeno Pepper, 20.5 oz",Canned & Jarred Beans & Legumes,2.54,$2.54,12.5 ¢/oz
"Great Value Black Eyed Peas, 12 oz (Frozen)",Dry Beans & Legumes,1.5,$1.50,12.5 ¢/oz
"(6 pack) Great Value Cannellini Beans, 15.5 oz",Canned & Jarred Beans & Legumes,5.16,$5.16,5.5 ¢/oz
"Dennison's Chunky Chili Con Carne with Beans, 26g Protein Per Serving, 15 oz. Can",Canned & Jarred Beans & Legumes,2.23,$2.23,14.9 ¢/oz
"(6 pack) Great Value Traditional Refried Beans, 16 oz",Canned & Jarred Beans & Legumes,6,$6.00,6.3 ¢/oz
"Libby's Canned French Style Green Beans, 14.5 oz",Canned & Jarred Vegetables,1.17,$1.17,8.1 ¢/oz
"(6 pack) Great Value Black Eyed Peas, 1 lb",Dry Beans & Legumes,8.28,$8.28,8.6 ¢/oz
"Great Value Organic No Salt Added Cut Green Beans, 14.5 oz, Can",Canned & Jarred Vegetables,1.68,$1.68,11.6 ¢/oz
"Del Monte Blue Lake French Style Green Beans, 14.5 oz Can (Pack of 4), Canned Vegetables",Canned & Jarred Vegetables,5.68,$5.68,9.8 ¢/oz
"(12 pack) Great Value Country Style Baked Beans, 15 oz Can",Canned & Jarred Beans & Legumes,14.76,$14.76,8.2 ¢/oz
"Del Monte Blue Lake Cut Green Beans, Canned Vegetables, 50 oz Can",Canned & Jarred Vegetables,4.73,$4.73,9.5 ¢/oz
"Bush's Beans Southwestern Style Pinto Beans in Red Chile Sauce, 15.4 oz",Canned & Jarred Beans & Legumes,1.54,$1.54,10.0 ¢/oz
"(2 pack) BeanVIVO Organics Baja Black Beans, Plant Based Protein, Microwavable, Gluten-Free, 10 oz Pouch",Canned & Jarred Beans & Legumes,4.96,$4.96,24.8 ¢/oz
(3 pack) S&W Pinto Beans - Low Sodium - 15.5 oz. Can,Canned & Jarred Beans & Legumes,4.26,$4.26,9.2 ¢/oz
"(12 pack) Great Value Organic Pinto Beans, Canned, 15 oz",Canned & Jarred Beans & Legumes,13.92,$13.92,7.7 ¢/oz
"(2 pack) La Costea Canned Refried Pinto Beans, 20.5 oz",Canned & Jarred Beans & Legumes,3.64,$3.64,8.9 ¢/oz
"(10 pack) Great Value Black Eyed Peas, 1 lb",Dry Beans & Legumes,13.8,$13.80,8.6 ¢/oz
"BeanVIVO Organic Black Bean Chipotle Chili, 10 oz. Pouch",Canned & Jarred Beans & Legumes,2.48,$2.48,24.8 ¢/oz
"(6 pack) Great Value Fat Free Refried Beans, 16 oz",Canned & Jarred Beans & Legumes,6,$6.00,6.3 ¢/oz
THE EXTREME BEAN HOT & SPICY 16.9oz,Canned & Jarred Vegetables,5.42,$5.42,32.1 ¢/fl oz
"(2 pack) La Costea Canned Fat Free Refried Pinto Beans, 20.4 oz",Canned & Jarred Beans & Legumes,3.48,$3.48,8.5 ¢/oz
"Del Monte No Salt Added Cut Green Beans, Canned Vegetables, 14.5 oz Can",Canned & Jarred Vegetables,1.57,$1.57,10.8 ¢/oz
"(2 pack) Great Value Original Baked Beans, 15 oz Can",Canned & Jarred Beans & Legumes,2.46,$2.46,8.2 ¢/oz
"(2 pack) La Costea Canned Refried Black Beans, 20.5 oz",Canned & Jarred Beans & Legumes,3.48,$3.48,8.5 ¢/oz
"Libby's Jumbo Cut Green Beans, 28 Oz",Canned & Jarred Vegetables,1.97,$1.97,7.0 ¢/oz
"(3 pack) El Mexicano Black Beans, 2 lb Bag",Dry Beans & Legumes,12.99,$12.99,13.5 ¢/oz
(3 pack) S&W Pinto Chili Beans - Low Sodium - 15.5 oz. Can,Canned & Jarred Beans & Legumes,3.84,$3.84,8.3 ¢/oz
"Polar, Bean Sprouts, 14.4 oz.",Canned & Jarred Vegetables,2.08,$2.08,14.4 ¢/oz
"(6 pack) Great Value Organic Chick Pea Garbanzo Beans, 15 oz Can",Canned & Jarred Beans & Legumes,6.96,$6.96,7.7 ¢/oz
"Bush's Blackeye Peas, Canned Black Eyed Peas, 15.8 oz",Canned & Jarred Beans & Legumes,1.64,$1.64,10.4 ¢/oz
"(10 pack) Great Value Chick Peas Garbanzos, 1 lb",Dry Beans & Legumes,14.6,$14.60,9.1 ¢/oz
"(4 pack) Libby's Cut Green Beans, 14.5 oz",Canned & Jarred Vegetables,4.17,$4.17,7.2 ¢/oz
"(3 pack) El Mexicano Pinto Beans, 4 lb Bag",Dry Beans & Legumes,20.76,$20.76,10.8 ¢/oz
"Great Value Black Eyed Peas, 16 oz",Dry Beans & Legumes,1.28,$1.28,8.0 ¢/oz
"(4 pack) S&W Dark Red Kidney Beans, 15.5 oz Can",Canned & Jarred Beans & Legumes,5.12,$5.12,8.3 ¢/oz
"(12 pack) Great Value Pinto Beans, No Salt Added, 15.5 oz",Canned & Jarred Beans & Legumes,11.04,$11.04,5.9 ¢/oz
"Del Monte No Salt Added Fresh Cut Blue Lake Cut Green Beans, 14.5 oz Can (Pack of 4), Canned Vegetables",Canned & Jarred Vegetables,5.28,$5.28,9.1 ¢/oz
"(3 pack) Verde Valle Peruano Mayocoba Beans, 32 oz",Dry Beans & Legumes,18.84,$18.84,19.6 ¢/oz
"(4 pack) La Costea Canned Black Beans, 19.75 oz",Canned & Jarred Beans & Legumes,6.88,$6.88,8.7 ¢/oz
"(3 pack) Hurst's HamBeens 15 Bean Soup, 20 oz",Prepared & Packaged Soups,8.46,$8.46,14.1 ¢/oz
"Great Value Field Peas, 1 lb",Dry Beans & Legumes,1.62,$1.62,10.1 ¢/oz
"(3 pack) La Costena Whole Pinto Beans with Jalapenos, 29 oz",Canned & Jarred Beans & Legumes,4.98,$4.98,8.4 ¢/oz
"Del Monte Blue Lake No Salt Added French Style Green Beans, Canned Vegetables, 14.5 oz Can",Canned & Jarred Vegetables,1.57,$1.57,10.8 ¢/oz
"(4 pack) Verde Valle Foods Isadora Refried Black Beans, 15.2 oz",Canned & Jarred Beans & Legumes,7.32,$7.32,12.0 ¢/oz
(3 pack) SunVista Black Beans 40 oz. Can,Canned & Jarred Beans & Legumes,8.76,$8.76,7.3 ¢/oz
"Del Monte Southern Style Whole Green Beans, Canned Vegetables, 14.5 oz Can",Canned & Jarred Vegetables,2.23,$2.23,15.4 ¢/oz
"(12 pack) Great Value Organic Dark Red Kidney Beans, 15 oz",Canned & Jarred Beans & Legumes,13.92,$13.92,7.7 ¢/oz
"Great Value Green Split Peas, 1 lb",Dry Beans & Legumes,1.42,$1.42,8.9 ¢/oz
"Great Value Lentils, 1 lb",Dry Beans & Legumes,1.92,$1.92,12.0 ¢/oz
"Glory Foods Seasoned Southern Style Green Beans With Potatoes, 27 oz., Can",Canned & Jarred Vegetables,2.97,$2.97,11.0 ¢/oz
(6 pack) S&W Garbanzo Beans - Low Sodium - 15.5 oz. Can,Canned & Jarred Beans & Legumes,7.68,$7.68,8.3 ¢/oz
(6 pack) S&W Pinto Beans 15.5 oz. Can,Canned & Jarred Beans & Legumes,8.52,$8.52,9.2 ¢/oz
"(2 pack) Del Monte Lima Beans, Canned Vegetables, 15.25 oz Can",Canned & Jarred Vegetables,4.76,$4.76,15.6 ¢/oz
"(4 pack) Ducal Refried Red Beans, 15 Oz",Canned & Jarred Beans & Legumes,11.52,$11.52,19.2 ¢/oz
"Green Valley Organic Cut Green Beans, 4 oz, 4 Cups",Canned & Jarred Vegetables,2.96,$2.96,18.5 ¢/oz
(6 pack) S&W Kidney Beans - Low Sodium - 15.5 oz. Can,Canned & Jarred Beans & Legumes,7.68,$7.68,8.3 ¢/oz
"Bush's Canned Pinto Beans, Canned Beans, 16 oz Can",Canned & Jarred Beans & Legumes,1.42,$1.42,8.9 ¢/oz
(3 pack) S&W Cannellini Beans - White Kidney Beans - 15.5 oz. Can,Canned & Jarred Beans & Legumes,3.84,$3.84,8.3 ¢/oz
"Ranch Style Pinto Beans Microwavable Cups, 7.25 oz.",Canned & Jarred Beans & Legumes,1.28,$1.28,17.5 ¢/oz
The Extreme Bean Garlic & Dill Pickled Beans 16.9oz,Pickles,5.42,$5.42,32.1 ¢/fl oz
(6 pack) S&W Pinto Chili Beans 15.5 oz. Can,Canned & Jarred Beans & Legumes,7.68,$7.68,8.3 ¢/oz
"(6 pack) Great Value Canned Black Eyed Peas, 15.5 oz Can",Canned & Jarred Beans & Legumes,7.44,$7.44,8.0 ¢/oz
"Del Monte No Soy Teriyaki Whole Green Beans, 14.5 oz. Can",Canned & Jarred Vegetables,2.23,$2.23,15.4 ¢/oz
(4 pack) S&W Garbanzo Beans - Chick Peas - 15.5 oz. Can,Canned & Jarred Beans & Legumes,5.12,$5.12,8.3 ¢/oz
(6 pack) S&W White Beans - Navy Beans - 15.5 oz. Can,Canned & Jarred Beans & Legumes,7.68,$7.68,8.3 ¢/oz
"Del Monte Blue Lake French Style Green Beans, 8 oz Can, Canned Vegetables",Canned & Jarred Vegetables,1.23,$1.23,15.4 ¢/oz
"(12 pack) Great Value Red Bean, 15.5 oz",Canned & Jarred Beans & Legumes,10.32,$10.32,5.5 ¢/oz
"(4 pack) Read Canned 3 Beans Salad, 15 oz Can",Canned & Jarred Vegetables,9.08,$9.08,15.1 ¢/oz
"El Mexicano Black Beans, 2 lb Bag",Dry Beans & Legumes,4.33,$4.33,13.5 ¢/oz
"(4 Cans) Libby's French Style Green Beans, Canned Vegetables, 14.5 oz",Canned & Jarred Vegetables,4.17,$4.17,7.2 ¢/oz
"(4 pack) Hursts HamBeens Cajun 15 Bean Soup, 20 oz",Prepared & Packaged Soups,11.28,$11.28,14.1 ¢/oz
"(6 pack) Goya Ducal Refried Black Beans, 15 Oz",Canned & Jarred Beans & Legumes,17.28,$17.28,19.2 ¢/oz
"(4 pack) Ranch Style Pinto Beans Microwavable Cups, 7.25 oz.",Canned & Jarred Beans & Legumes,5.12,$5.12,17.5 ¢/oz
"(8 pack) Great Value Garbanzos Chick Peas, 15.5 oz",Canned & Jarred Beans & Legumes,6.88,$6.88,5.5 ¢/oz
"STAGG COUNTRY BRAND Chili with Beans, Canned Chili, Shelf-Stable, 15 oz Steel Can",Canned & Jarred Meats,2.87,$2.87,19.1 ¢/oz
"(8 pack) Great Value Brown Sugar Hickory Baked Beans, 28 oz Can",Canned & Jarred Beans & Legumes,15.52,$15.52,6.9 ¢/oz
"(6 pack) Great Value Cut Green Beans, Gluten-Free, 28 oz Can",Canned & Jarred Vegetables,8.22,$8.22,4.9 ¢/oz
"(12 pack) Great Value French Style Green Beans, No Salt Added, Gluten-Free, 14.25 oz",Canned & Jarred Vegetables,9.12,$9.12,5.3 ¢/oz
"Van Camp's Original Beanee Weenee, 13g Protein Per Serving, Canned Food, 7.75 oz. Can",Canned & Jarred Beans & Legumes,1.37,$1.37,17.6 ¢/oz
"Van Camp's Beanee Weenee Original Flavor, 9g Protein Per Serving, Microwavable Cup, 7.25 oz. Cup",Canned & Jarred Beans & Legumes,1.28,$1.28,17.7 ¢/oz
"(6 pack) Green Valley Organic Cut Green Beans, 4 oz, 4 Cups",Canned & Jarred Vegetables,17.76,$17.76,18.5 ¢/oz
"Trappeys Black Eye Peas Flavored with Slab Bacon, 15.5 oz., Can",Canned & Jarred Beans & Legumes,1.62,$1.62,10.5 ¢/oz
"Sprague Foods' - Triple Bean Chili in an Easy Open 15oz Can. Vegan, Gluten Free, Plant-Based Protein",Canned & Packaged Meat Substitutes,3,$3.00,20.0 ¢/oz
(8 pack) GOYA Green Pigeon Peas (Gandules) 15 oz Can,Canned & Jarred Beans & Legumes,16.64,$16.64,13.9 ¢/oz
"(2 pack) Polar, Bean Sprouts, 14.4 oz.",Canned & Jarred Vegetables,4.16,$4.16,14.4 ¢/oz
"(6 pack) Great Value Chick Peas Garbanzos, 1 lb",Dry Beans & Legumes,8.76,$8.76,9.1 ¢/oz
BeanVIVO Organics Three Bean Vegan Chili - Good Source of Fiber - Nutritious & Microwave Meals - Gluten-Free Plant Food - 10 oz Pouch,Canned & Jarred Beans & Legumes,2.48,$2.48,24.8 ¢/oz
"(2 pack) La Costea Canned Charro Beans with Bacon and Chorizo, 20 oz",Canned & Jarred Beans & Legumes,4.36,$4.36,11.0 ¢/oz
"Great Value Organic Lentils, 15 oz Can",Canned & Jarred Beans & Legumes,1.16,$1.16,7.7 ¢/oz
"(2 pack) Trappeys Black Eye Peas Flavored with Slab Bacon, 15.5 oz., Can",Canned & Jarred Beans & Legumes,3.24,$3.24,10.5 ¢/oz
(3 pack) THE EXTREME BEAN HOT & SPICY 16.9oz,Canned & Jarred Vegetables,16.26,$16.26,32.1 ¢/fl oz
"Glory Foods Seasoned Southern Style Red Beans and Rice, 15 oz., Can",Canned & Jarred Beans & Legumes,1.77,$1.77,11.8 ¢/oz
"(8 pack) Rosarita Spicy Jalapeno Refried Beans, 16 oz.",Canned & Jarred Beans & Legumes,12.96,$12.96,10.1 ¢/oz
"(8 pack) Rosarita No Fat Traditional Refried Beans, 16 oz.",Canned & Jarred Beans & Legumes,12.96,$12.96,10.1 ¢/oz
"Nalley Chili Con Carne With Beans and Cheese, 27g Protein Per Serving, 14 oz. Can",Canned & Jarred Beans & Legumes,2.28,$2.28,16.3 ¢/oz
"(3 pack) Polar, Bean Sprouts, 14.4 oz.",Canned & Jarred Vegetables,6.24,$6.24,14.4 ¢/oz
"Great Value Lentils, 4 lb",Dry Beans & Legumes,5.98,$5.98,9.3 ¢/oz
"(8 pack) Van Camp's Pork and Beans, 6g Protein Per Serving, Canned Beans, 28 oz. Can",Canned & Jarred Beans & Legumes,16.64,$16.64,7.4 ¢/oz
"Sprague Foods' - White Bean Chili, Easy Open 15 oz. Can, Vegan, Preservative Free, Great Taste",Canned & Jarred Meats,3,$3.00,20.0 ¢/oz
Bushs Blackeye Peas with Bacon 15.5 OZ,Canned & Jarred Beans & Legumes,1.64,$1.64,10.6 ¢/oz
"(4 pack) Great Value Field Peas, 1 lb",Dry Beans & Legumes,6.48,$6.48,10.1 ¢/oz
"(8 pack) Van Camp's Original Beanee Weenee, 13g Protein Per Serving, Canned Food, 7.75 oz. Can",Canned & Jarred Beans & Legumes,10.96,$10.96,17.6 ¢/oz
"(2 pack) Sprague Foods' - White Bean Chili, Easy Open 15 oz. Can, Vegan, Preservative Free, Great Taste",Canned & Jarred Beans & Legumes,6,$6.00,20.0 ¢/oz
"(3 pack) BeanVIVO Organic Black Bean Chipotle Chili, 10 oz. Pouch",Canned & Jarred Beans & Legumes,7.44,$7.44,24.8 ¢/oz
"bettergoods Slow Cooked Southwest Roasted Tomato Black Bean Soup, 24 oz",Prepared & Packaged Soups,3.72,$3.72,15.5 ¢/oz
"(2 pack) Glory Foods Seasoned Southern Style Red Beans and Rice, 15 oz., Can",Canned & Jarred Beans & Legumes,3.54,$3.54,11.8 ¢/oz
"(6 pack) Sprague Foods' - Triple Bean Chili in an Easy Open 15oz Can. Vegan, Gluten Free, Plant-Based Protein",Canned & Jarred Beans & Legumes,18,$18.00,20.0 ¢/oz
"Progresso Southwest-Style Black Bean Protein Soup, Vegetarian, 18.5 oz",Prepared & Packaged Soups,2.5,$2.50,13.5 ¢/oz
"Campbell's Condensed Bean with Bacon Soup, Natural Smoke Flavoring Added, 11.25 oz Can",Prepared & Packaged Soups,1.92,$1.92,17.1 ¢/oz
"Great Value Yellow Split Peas, 1 lb",Dry Beans & Legumes,1.12,$1.12,7.0 ¢/oz
"Campbells Chunky Soup, Ready to Serve Hearty Bean Soup with Ham, 19 oz Can",Prepared & Packaged Soups,1.98,$1.98,10.4 ¢/oz
"Great Value Bean with Bacon Condensed Soup, 11.25 oz",Prepared & Packaged Soups,0.96,$0.96,8.5 ¢/oz
"Great Value Lentils, 16 oz",Dry Beans & Legumes,1.92,$1.92,12.0 ¢/oz
"Great Value Green Split Peas, 16 oz",Dry Beans & Legumes,1.42,$1.42,8.9 ¢/oz
"(4 pack) Great Value Chili No Beans, 15 oz Can",Canned & Jarred Beans & Legumes,9.72,$9.72,16.2 ¢/oz
"(2 pack) STAGG LARADO Chili with Beans, Shelf-Stable, 15 oz Steel Can",Canned & Jarred Meats,5.74,$5.74,19.1 ¢/oz
"(2 pack) STAGG COUNTRY BRAND Chili with Beans, Canned Chili, Shelf-Stable, 15 oz Steel Can",Canned & Jarred Meats,5.74,$5.74,19.1 ¢/oz
"(2 pack) Glory Foods Seasoned Southern Style Green Beans With Potatoes, 27 oz., Can",Canned & Jarred Vegetables,5.94,$5.94,11.0 ¢/oz
"(8 pack) Great Value Chili with Beans, 15 oz Can",Canned & Jarred Beans & Legumes,17.12,$17.12,14.3 ¢/oz
"(2 pack) Progresso Southwest-Style Black Bean Protein Soup, Vegetarian, 18.5 oz",Prepared & Packaged Soups,5,$5.00,13.5 ¢/oz
"(2 pack) bettergoods Slow Cooked Southwest Roasted Tomato Black Bean Soup, 24 oz",Prepared & Packaged Soups,7.44,$7.44,15.5 ¢/oz
"Bush's Golden Hominy, Canned and Shelf Stable, 15.5 oz",Canned & Jarred Vegetables,1.42,$1.42,9.2 ¢/oz
Bushs Best White Hominy 108 Oz. Can,Canned & Jarred Vegetables,6.58,$6.58,6.1 ¢/oz
"(8 pack) Great Value Lentils, 1 lb",Dry Beans & Legumes,15.36,$15.36,12.0 ¢/oz
(2 pack) BeanVIVO Organics Three Bean Vegan Chili - Good Source of Fiber - Nutritious & Microwave Meals - Gluten-Free Plant Food - 10 oz Pouch,Canned & Jarred Beans & Legumes,4.96,$4.96,24.8 ¢/oz
"(3 pack) Great Value Lentils, 4 lb",Dry Beans & Legumes,17.94,$17.94,9.3 ¢/oz
"(6 pack) Great Value Green Split Peas, 1 lb",Dry Beans & Legumes,8.52,$8.52,8.9 ¢/oz
"Bush's White Hominy, Maiz Pozolero, Canned Hominy, 15.5 oz",Canned & Jarred Vegetables,1.42,$1.42,9.2 ¢/oz
"Progresso Pitmaster Steakhouse Style Steak and Bean, Gluten Free, Canned Soup, 18.5 oz",Prepared & Packaged Soups,2.58,$2.58,13.9 ¢/oz
"(2 pack) Nalley Chili Con Carne With Beans and Cheese, 27g Protein Per Serving, 14 oz. Can",Prepared & Packaged Soups,4.56,$4.56,16.3 ¢/oz
"Progresso Italian-Style Bean and Pasta Protein Soup, Vegetarian, 18.5 oz",Prepared & Packaged Soups,2.5,$2.50,13.5 ¢/oz
"(4 pack) Great Value White Hominy, 110.4 oz",Canned & Jarred Vegetables,15.92,$15.92,3.6 ¢/oz
"Great Value White Hominy, 110.4 oz",Canned & Jarred Vegetables,3.98,$3.98,3.6 ¢/oz
"Hapi Snacks Wasabi Peas, Hot, 9.9 Oz",Canned & Jarred Beans & Legumes,6.12,$6.12,61.8 ¢/oz
"Great Value Canned White Hominy Can, 15.5 oz",Canned & Jarred Vegetables,1.16,$1.16,7.5 ¢/oz
"(6 pack) Great Value Canned White Hominy Can, 15.5 oz",Canned & Jarred Vegetables,6.96,$6.96,7.5 ¢/oz
"Great Value Canned Golden Hominy, 15.5 oz",Canned & Jarred Vegetables,1.16,$1.16,7.5 ¢/oz
"HORMEL Chili, Beef and Pork, No Beans Canned Chili, Shelf-Stable, 10.5 oz Steel Can",Prepared & Packaged Soups,2.67,$2.67,25.4 ¢/oz
"(3 pack) Hapi Snacks Wasabi Peas, Hot, 9.9 Oz",Dry Beans & Legumes,18.36,$18.36,61.8 ¢/oz
"Libby's Kosher Sweet Green Peas, 15 Oz",Canned & Jarred Vegetables,1.17,$1.17,7.8 ¢/oz
"Great Value Cream of Mushroom Condensed Soup, 10.5 oz",Prepared & Packaged Soups,0.7,$0.70,6.7 ¢/oz
"(3 pack) Amys Organic Vegetable Jambalaya Made With Organic Red Beans and Rice, Plant Based Vegan Jambalaya, Gluten Free, Canned Soup, 14.2 Oz",Prepared & Packaged Soups,11.04,$11.04,25.9 ¢/oz
"(2 pack) Progresso Italian-Style Bean and Pasta Protein Soup, Vegetarian, 18.5 oz",Prepared & Packaged Soups,5,$5.00,13.5 ¢/oz
"Great Value Organic Sweet Peas No Salt Added, 15 oz",Canned & Jarred Vegetables,1.68,$1.68,11.2 ¢/oz
"Great Value Organic Sweet Peas, 14.1 -15.0 oz",Canned & Jarred Vegetables,1.48,$1.48,10.5 ¢/oz
"Great Value Petite Diced Tomatoes in Tomato Juice, 14.5 oz",Canned & Jarred Vegetables,0.96,$0.96,6.6 ¢/oz
"Progresso Split Pea with Ham Soup, Traditional Canned Soup, Gluten Free, 19 oz",Prepared & Packaged Soups,1.5,$1.50,7.9 ¢/oz
"Campbell's Condensed Cream of Mushroom Soup, 10.5 oz Can",Prepared & Packaged Soups,1.24,$1.24,11.8 ¢/oz
"(3 pack) Great Value Organic Sweet Peas No Salt Added, 15 oz",Canned & Jarred Vegetables,5.04,$5.04,11.2 ¢/oz
"Hunts Tomato Paste, Perfect for Chili & Soups, 6 oz. Can",Canned & Jarred Vegetables,1.06,$1.06,17.7 ¢/oz
"Campbell's Condensed Golden Mushroom Soup, 10.5 oz Can",Prepared & Packaged Soups,1.92,$1.92,18.3 ¢/oz
"Del Monte Diced Tomatoes with Green Peppers & Onions, 14.5 oz Can",Canned & Jarred Vegetables,1.14,$1.14,7.9 ¢/oz
"Great Value Diced Tomatoes with Green Peppers, Celery & Onions, 14.5 oz, Can",Canned & Jarred Vegetables,0.96,$0.96,6.6 ¢/oz
"Great Value Cream of Mushroom Condensed Soup, Family Size, 26 oz",Prepared & Packaged Soups,1.72,$1.72,6.6 ¢/oz
"Campbell's Condensed Cream of Mushroom Soup, 10.5 oz Can (4 Pack)",Prepared & Packaged Soups,4.88,$4.88,11.6 ¢/oz
"(4 pack) Great Value Gluten Free Cream of Mushroom Condensed Soup, 10.5 oz",Prepared & Packaged Soups,7.88,$7.88,18.8 ¢/oz
"Hunts Fire Roasted Diced Tomatoes, Perfect for Chili & Soups, 14.5 oz. Can",Canned & Jarred Vegetables,1.36,$1.36,9.4 ¢/oz
"Campbell's Condensed Cream of Mushroom Soup, 22.6 oz Family Size Can",Prepared & Packaged Soups,2.64,$2.64,11.7 ¢/oz
"Great Value Gluten Free Cream of Mushroom Condensed Soup, 10.5 oz",Prepared & Packaged Soups,1.97,$1.97,18.8 ¢/oz
"Great Value Heart Healthy 98% Fat Free and 50% Less Sodium Cream of Mushroom Condensed Soup, 10.5 oz",Prepared & Packaged Soups,0.7,$0.70,6.7 ¢/oz
"Campbell's Condensed Heart Healthy Cream of Mushroom Soup, 10.5 oz Can",Prepared & Packaged Soups,1.92,$1.92,18.3 ¢/oz
"Campbell's Condensed Cream of Mushroom Soup with Roasted Garlic, 10.5 oz Can",Prepared & Packaged Soups,1.92,$1.92,18.3 ¢/oz
"Pure Life Purified Water, 16.9 fl oz, 35-Pack Plastic Bottles",Bottled Drinking Waters,5.87,$5.87,1.0 ¢/fl oz
"Essentia Bottled Water, 1 Liter Bottle, Ionized Alkaline Water 34 fl oz",Bottled Drinking Waters,1.98,$1.98,25.1 ¢/fl oz
"Propel Electrolyte Enhanced Water Sports Drink, Grape Flavored Water, Zero Calorie & Zero Sugar Hydration with Electrolytes and Vitamins C & E, 16.9 fl oz Water Bottles (12 Pack)​",Bottled Drinking Waters,9.74,$9.74,4.8 ¢/fl oz
"Great Value Purified Drinking Water, 16.9 Fl. Oz., 40 Count",Bottled Drinking Waters,5.47,$5.47,0.8 ¢/fl oz
"Great Value Purified Drinking Water, 16.9 fl oz, 24 Count",Bottled Drinking Waters,3.68,$3.68,0.9 ¢/fl oz
"Smartwater Vapor Distilled Premium Water, 1 Liter Bottle",Bottled Drinking Waters,2.12,$2.12,6.3 ¢/fl oz
"smartwater vapor distilled premium water, 1 liter, 6 count bottles",Bottled Drinking Waters,11.47,$11.47,5.7 ¢/fl oz
"LIFEWTR Purified Drinking Water, 1 Liter, 6 Pack Plastic Bottles",Bottled Drinking Waters,9.98,$9.98,4.9 ¢/fl oz
Crystal Geyser? Natural Alpine Spring Water? by CG Roxane 32-16.9 fl. oz. Bottles,Bottled Drinking Waters,5.87,$5.87,1.1 ¢/fl oz
"Bai Molokai Coconut Antioxidant Infused Water Beverage, 14 fl oz, 6 Pack Bottles",Sparkling Water,8.33,$8.33,9.9 ¢/fl oz
"smartwater alkaline with antioxidant ionized electrolyte vapor-distilled water bottles, 1L, 6 pack",Bottled Drinking Waters,11.47,$11.47,5.7 ¢/fl oz
"Dasani Purified Water Bottles, 16.9 fl oz, 32 Pack",Bottled Drinking Waters,6.47,$6.47,19.1 ¢/fl oz
"Sam's Purified Drinking Water, 10 fl oz, 15 Count",Bottled Drinking Waters,2.5,$2.50,1.7 ¢/fl oz
"Pure Life Purified Water, 16.9 fl oz, 12-Pack Plastic Bottles",Bottled Drinking Waters,3.96,$3.96,2.0 ¢/fl oz
"Great Value Purified Drinking Water, 1 Gallon",Bottled Drinking Waters,1.37,$1.37,1.1 ¢/fl oz
"Pure Life Purified Water, 12 fl oz, 12-Pack Plastic Bottles",Bottled Drinking Waters,3.22,$3.22,2.2 ¢/fl oz
"Great Value Hydrate Alkaline Water, 23.7 fl oz, Bottle, 15 Count",Bottled Drinking Waters,7.82,$7.82,2.2 ¢/fl oz
"Crystal Geyser Alpine Spring Water, 1 Gallon Plastic Jug",Bottled Drinking Waters,1.43,$1.43,1.1 ¢/fl oz
"Arrowhead Mountain Spring Water, 8 fl oz, 12-pack Plastic Bottles",Bottled Drinking Waters,2.68,$2.68,2.8 ¢/fl oz
"Propel Electrolyte Enhanced Water Sports Drink, Variety Pack, Zero Calorie & Zero Sugar Hydration with Electrolytes and Vitamins C & E, 16.9 fl oz Water Bottles (18 Pack)​",Bottled Drinking Waters,13.97,$13.97,4.6 ¢/fl oz
"smartwater alkaline with antioxidant ionized electrolyte vapor-distilled water bottles, 33.8 fl oz, 1L, single",Bottled Drinking Waters,2.12,$2.12,6.3 ¢/fl oz
"Sam's Purified Drinking Water, 20 fl oz, 12 Count Bottles",Bottled Drinking Waters,3.47,$3.47,1.4 ¢/fl oz
"Parent's Choice Distilled Water, 1 Gallon Bottle",Bottled Drinking Waters,1.26,$1.26,1.0 ¢/fl oz
"Arrowhead Mountain Spring Water, Sport Cap, 23.7 fl oz, 6-pack Plastic Bottles",Bottled Drinking Waters,2.47,$2.47,1.7 ¢/fl oz
"CORE Hydration Perfectly Balanced Drinking Water, 0.5 L bottles, 6 Count",Bottled Drinking Waters,6.94,$6.94,6.8 ¢/fl oz
"FIJI Natural Artesian Water, 16.9 fl. oz. (Pack of 6 Bottles)",Bottled Drinking Waters,7.67,$7.67,7.6 ¢/fl oz
"Arrowhead Mountain Spring Water, 16.9 fl oz, 12-pack Plastic Bottles",Bottled Drinking Waters,3.96,$3.96,2.0 ¢/fl oz
"Dasani Purified Water Bottles, 12 fl oz, 8 Pack",Bottled Drinking Waters,4.12,$4.12,4.3 ¢/fl oz
"Essentia Bottled Water 1 Liter, Ionized Alkaline Water, 6 Pack",Bottled Drinking Waters,9.97,$9.97,4.9 ¢/fl oz
"Primo Water® Brand Purified Water, Initial Purchase 5-Gallon Water Bottle (Single)",Bottled Drinking Waters,14.48,$14.48,$2.90/gl
"(6 pack) Great Value Purified Drinking Water, 1 Gallon",Bottled Drinking Waters,8.22,$8.22,1.1 ¢/fl oz
"CORE Hydration Perfectly Balanced Drinking Water, 30.4 fl oz bottles, 6 Count",Bottled Drinking Waters,9.87,$9.87,5.4 ¢/fl oz
"Great Value Hydrate Electrolyte Water, 33.8 fl oz, 6 Count",Sparkling Water,7.42,$7.42,3.7 ¢/fl oz
"vitaminwater XXX Acai-Blueberry-Pomegranate Flavored Water Beverage, 16.9 fl oz, 6 Pack Bottles",Bottled Drinking Waters,6.86,$6.86,6.8 ¢/fl oz
"(4 pack) Parent's Choice Distilled Water, 1 Gallon Bottle",Bottled Drinking Waters,5.04,$5.04,1.0 ¢/fl oz
"(3 pack) Great Value Purified Drinking Water, 1 Gallon",Bottled Drinking Waters,4.11,$4.11,1.1 ¢/fl oz
FIJI Natural Artesian Bottled Water 1 Liter / 33.8 fl oz (Pack of 6) -100% Natural Electrolytes,Bottled Drinking Waters,11.97,$11.97,5.9 ¢/fl oz
"Parent's Choice Purified Water, 10 oz, 15 Pack Bottles",Bottled Drinking Waters,2.5,$2.50,1.7 ¢/fl oz
FIJI Natural Artesian Bottled Water 1.5 Liters / 50.7 fl oz (Single Bottle) -100% Natural Electrolytes,Bottled Drinking Waters,2.94,$2.94,5.8 ¢/fl oz
"Propel Electrolyte Enhanced Water Sports Drink, Variety Pack, Zero Calorie & Zero Sugar Hydration with Electrolytes and Vitamins C & E, 16.9 fl oz Water Bottles (18 Pack)",Bottled Drinking Waters,13.97,$13.97,4.6 ¢/fl oz
"Aquafina Purified Drinking Water, 12 fl oz, 8 Pack Plastic Bottles",Bottled Drinking Waters,3.98,$3.98,4.1 ¢/fl oz
"vitaminwater Power-C Dragonfruit Flavored Water Beverage, 16.9 fl oz, 6 Pack Bottles",Bottled Drinking Waters,6.86,$6.86,6.8 ¢/fl oz
"Great Value Hydrate Alkaline Water, 1.5 Liter Bottle",Bottled Drinking Waters,1.82,$1.82,3.6 ¢/fl oz
"Arrowhead Mountain Spring Water, 12 fl oz, 12-Pack Plastic Bottles",Bottled Drinking Waters,3.46,$3.46,10.2 ¢/l
"Pure Life Purified Water, 3 Liter, Single Plastic Jug",Bottled Drinking Waters,1.34,$1.34,1.3 ¢/fl oz
"Great Value Distilled Water, 1 Gallon",Bottled Drinking Waters,1.37,$1.37,1.1 ¢/fl oz
"(6 pack) Parent's Choice Distilled Water, 1 Gallon Bottle",Bottled Drinking Waters,7.56,$7.56,1.0 ¢/fl oz
"Perfect Hydration 9.5+ pH Alkaline Water, 1 Gallon Bottle",Bottled Drinking Waters,3.98,$3.98,3.1 ¢/fl oz
"vitaminwater Energy Tropical Citrus Flavored Water Beverage, 16.9 fl oz, 6 Pack Bottles",Bottled Drinking Waters,6.86,$6.86,6.8 ¢/fl oz
"Arrowhead Mountain Spring Water, 3 Liter, Single Plastic Jug",Bottled Drinking Waters,1.84,$1.84,1.8 ¢/fl oz
"(12 pack) Great Value Purified Drinking Water, 1 Gallon",Bottled Drinking Waters,16.44,$16.44,1.1 ¢/fl oz
"CORE Hydration Perfectly Balanced Water, 30.4 fl oz, Bottle",Bottled Drinking Waters,1.78,$1.78,5.9 ¢/fl oz
"evian Natural Spring Water, 16.9 fl oz, 6 Pack Bottles",Bottled Drinking Waters,7.68,$7.68,7.6 ¢/fl oz
"(6 pack) Crystal Geyser Alpine Spring Water, 1 Gallon Plastic Jug",Bottled Drinking Waters,8.58,$8.58,1.1 ¢/fl oz
"Great Value Natural Spring Water, 1 Gallon",Bottled Drinking Waters,1.37,$1.37,1.1 ¢/fl oz
"(2 pack) Parent's Choice Purified Water, 10 oz, 15 Pack Bottles",Bottled Drinking Waters,5,$5.00,1.7 ¢/fl oz
"vitaminwater Focus Kiwi Strawberry Flavored Water Beverage, 16.9 fl oz, 6 Pack Bottles",Bottled Drinking Waters,6.86,$6.86,6.8 ¢/fl oz
"Propel Electrolyte Enhanced Water Sports Drink, Berry Flavored Water, Zero Calorie & Zero Sugar Hydration with Electrolytes and Vitamins C & E, 16.9 fl oz Water Bottles (12 Pack)",Bottled Drinking Waters,9.74,$9.74,4.8 ¢/fl oz
"Propel Electrolyte Enhanced Water Sports Drink, Grape Flavored Water, Zero Calorie & Zero Sugar Hydration with Electrolytes and Vitamins C & E, 16.9 fl oz Water Bottles (12 Pack)",Bottled Drinking Waters,9.74,$9.74,4.8 ¢/fl oz
"(3 pack) Crystal Geyser Alpine Spring Water, 1 Gallon Plastic Jug",Bottled Drinking Waters,4.29,$4.29,1.1 ¢/fl oz
"(12 pack) Parent's Choice Distilled Water, 1 Gallon Bottle",Bottled Drinking Waters,15.12,$15.12,1.0 ¢/fl oz
"Essentia Water, 6-Pack; Ionized Alkaline Water 0.041 fl oz",Bottled Drinking Waters,6.68,$6.68,6.6 ¢/fl oz
"(3 pack) Great Value Natural Spring Water, 1 Gallon",Bottled Drinking Waters,4.11,$4.11,1.1 ¢/fl oz
"(6 pack) Great Value Distilled Water, 1 Gallon",Bottled Drinking Waters,8.22,$8.22,1.1 ¢/fl oz
"(12 pack) Great Value Distilled Water, 1 Gallon",Bottled Drinking Waters,16.44,$16.44,1.1 ¢/fl oz
"(3 pack) Arrowhead Mountain Spring Water, 3 Liter, Single Plastic Jug",Bottled Drinking Waters,5.52,$5.52,1.8 ¢/fl oz
"vitaminwater XXX Acai-Blueberry-Pomegranate Flavored Water Beverage, 20 fl oz Bottle",Bottled Drinking Waters,1.78,$1.78,8.9 ¢/fl oz
"BODYARMOR SportWater Electrolyte Sports Drink, 1 Liter, 6 Pack Bottles",Sports Drinks,9.98,$9.98,4.9 ¢/fl oz
"Propel Electrolyte Enhanced Water Sports Drink, Kiwi Strawberry Flavored Water, Zero Calorie & Zero Sugar Hydration with Electrolytes and Vitamins C & E, 16.9 fl oz Water Bottles (12 Pack)",Bottled Drinking Waters,9.74,$9.74,4.8 ¢/fl oz
"vitaminwater Rise Zero Sugar Orange Flavored Water Beverage, 16.9 fl oz, 6 Pack Bottles",Bottled Drinking Waters,6.86,$6.86,6.8 ¢/fl oz
"Primo Water Brand Purified Water, Initial Purchase 5-Gallon Water Bottle (Single)",Bottled Drinking Waters,14.48,$14.48,$2.90/gl
"smartwater vapor distilled premium water, 20 fl oz, bottle",Bottled Drinking Waters,2.48,$2.48,12.4 ¢/fl oz
"Aquafina Purified Drinking Water, 20 fl oz, Plastic Bottle",Bottled Drinking Waters,2.38,$2.38,11.9 ¢/fl oz
"(3 pack) Perfect Hydration 9.5+ pH Alkaline Water, 1 Gallon Bottle",Bottled Drinking Waters,11.94,$11.94,3.1 ¢/fl oz
"(2 pack) Pure Life Purified Water, 3 Liter, Single Plastic Jug",Bottled Drinking Waters,2.68,$2.68,1.3 ¢/fl oz
"(6 pack) Great Value Natural Spring Water, 1 Gallon",Bottled Drinking Waters,8.22,$8.22,1.1 ¢/fl oz
"Dasani Purified Water Bottle, 20 fl oz",Bottled Drinking Waters,2.38,$2.38,11.9 ¢/fl oz
"(3 pack) Great Value Distilled Water, 1 Gallon",Bottled Drinking Waters,4.11,$4.11,1.1 ¢/fl oz
"vitaminwater XXX Zero Sugar Acai-Blueberry-Pomegranate Water Beverage, 16.9 fl oz, 6 Pack",Bottled Drinking Waters,6.86,$6.86,6.8 ¢/fl oz
"(4 pack) Parent's Choice Purified Water, 10 oz, 15 Pack Bottles",Bottled Drinking Waters,10,$10.00,1.7 ¢/fl oz
"smartwater alkaline with antioxidant ionized electrolyte vapor-distilled water bottles, 20 fl oz",Bottled Drinking Waters,2.48,$2.48,12.4 ¢/fl oz
"(10 pack) Parent's Choice Purified Water, 10 oz, 15 Pack Bottles",Bottled Drinking Waters,25,$25.00,1.7 ¢/fl oz
"vitaminwater Power-C Dragonfruit Flavored Water Beverage, 20 fl oz Bottle",Bottled Drinking Waters,1.88,$1.88,9.4 ¢/fl oz
"(4 pack) Pure Life Purified Water, 3 Liter, Single Plastic Jug",Bottled Drinking Waters,5.36,$5.36,1.3 ¢/fl oz
"vitaminwater Zero Sugar Squeezed Lemonade Flavored Water Beverage, 16.9 fl oz, 6 Pack",Bottled Drinking Waters,6.86,$6.86,6.8 ¢/fl oz
"BODYARMOR SportWater Electrolyte Sports Drink, 1 Liter Bottle",Sports Drinks,2.17,$2.17,6.4 ¢/fl oz
"smartwater electrolye vapor-distilled water bottles in cardboard box, 1L, 12 pack",Bottled Drinking Waters,22.47,$22.47,5.5 ¢/fl oz
"(6 pack) Arrowhead Mountain Spring Water, 3 Liter, Single Plastic Jug",Bottled Drinking Waters,11.04,$11.04,1.8 ¢/fl oz
"(12 pack) Great Value Natural Spring Water, 1 Gallon",Bottled Drinking Waters,16.44,$16.44,1.1 ¢/fl oz
"(6 pack) Perfect Hydration 9.5+ pH Alkaline Water, 1 Gallon Bottle",Bottled Drinking Waters,23.88,$23.88,3.1 ¢/fl oz
"Caliwater Organic Cactus Water, Watermelon, Single Can, Coconut Water Alternative, 12 fl oz",Coconut Water,2.17,$2.17,1.5 ¢/fl oz
Mela Watermelon Water + Pineapple 16.9 fl oz,Juices,2.67,$2.67,15.8 ¢/fl oz
"Caliwater Organic Cactus Water, Wild Prickly Pear, Single Can, Coconut Water Alternative, 12 fl oz",Coconut Water,2.17,$2.17,18.1 ¢/fl oz
"TAL Stainless Steel Ranger Water Bottle 64oz, Black",Water Bottles,19.98,$19.98,
"Nature's Own Honey Wheat Sandwich Bread Loaf, 20 oz, Shelf-Stable",Breads & Buns,2.84,$2.84,14.2 ¢/oz
"Nature's Own Butterbread Sliced White Bread Loaf, 20 oz, Shelf-Stable",Breads & Buns,2.94,$2.94,14.7 ¢/oz
"Wonder Bread Classic White Sandwich Bread, Sliced White Bread, 20 oz Loaf, Shelf-Stable",Breads & Buns,2.47,$2.47,12.4 ¢/oz
"Great Value White Round Top Bread Loaf, 20 oz",Breads & Buns,1.63,$1.63,8.2 ¢/oz
"Alfaro's Artesano White Bakery Bread, 20 oz, White Bread, Bag",Breads & Buns,3.94,$3.94,19.7 ¢/oz
"Nature's Own Perfectly Crafted Multi Grain Bread Loaf, 22 oz",Breads & Buns,3.86,$3.86,17.5 ¢/oz
"Nature's Own 100% Whole Wheat, Whole Wheat Bread, 20 oz Loaf, Shelf-Stable",Breads & Buns,3.76,$3.76,18.8 ¢/oz
"Nature's Own Perfectly Crafted White Bread, Thick-Sliced Loaf, 22 oz., Shelf-Stable",Breads & Buns,3.86,$3.86,17.5 ¢/oz
"Freshness Guaranteed Garlic Bread, 16 oz",Breads & Buns,2.46,$2.46,17.6 ¢/oz
"Nature's Own 100% Whole Wheat, Half Loaf, Sliced Whole Wheat Bread, 12 oz Loaf",Breads & Buns,2.32,$2.32,19.3 ¢/oz
"Nature's Own Sourdough, Half Loaf, Sliced Sourdough Sandwich Bread, 12 oz Loaf",Breads & Buns,2.32,$2.32,19.3 ¢/oz
"Freshness Guaranteed Everything Italian Bread Loaf, 14 oz",Breads & Buns,1.82,$1.82,13.0 ¢/oz
"Great Value Honey Wheat Bread, 20 oz",Breads & Buns,2.08,$2.08,10.4 ¢/oz
"Bimbo Soft White Bread, 20 oz, White Bread, Bag",Breads & Buns,1.98,$1.98,9.9 ¢/oz
"Great Value New York Style Rye Bread, 24 oz",Breads & Buns,3,$3.00,12.5 ¢/oz
"Great Value Sourdough Bread, 24 oz",Breads & Buns,3,$3.00,12.5 ¢/oz
"Freshness Guaranteed French Bakery Bread Loaf, 14 oz, 1 Count",Breads & Buns,1.62,$1.62,
"Nature's Own Ancient Grain, Half Loaf, Sliced Bread, 12 oz Loaf",Breads & Buns,2.32,$2.32,19.3 ¢/oz
Dave's Killer Bread® Thin Sliced 21 Whole Grains and Seeds Organic Bread 20.5 oz. Loaf,Breads & Buns,5.78,$5.78,28.2 ¢/oz
"Freshness Guaranteed Sesame Seed French Bread Loaf, 14 oz",Breads & Buns,1.82,$1.82,13.0 ¢/oz
"Great Value 100% Whole Wheat Round Top Bread, 20 oz",Breads & Buns,2.17,$2.17,10.9 ¢/oz
"(3 pack) Schar Gluten Free Deli Style Sourdough Bread, Regular, Shelf-Stable, 8.5 oz",Breads & Buns,14.91,$14.91,58.5 ¢/oz
"San Luis Sourdough Plain Sourdough Bread, 24 oz, Sourdough Bread, Bag",Breads & Buns,4.92,$4.92,20.5 ¢/oz
"Oroweat Country Style Buttermilk Bread, 24 oz, White Bread, Bag",Breads & Buns,3.98,$3.98,16.6 ¢/oz
"Great Value Round Top Wheat Bread, 20 oz",Breads & Buns,1.63,$1.63,8.2 ¢/oz
"Home Pride Butter Top Enriched White Bread, Sliced Sandwich Bread, 20 oz, Shelf-Stable",Breads & Buns,3.78,$3.78,18.9 ¢/oz
"Alfaro's Artesano Golden Wheat Bakery Bread, 20 oz, Honey Wheat Bread, Bag",Breads & Buns,3.48,$3.48,17.4 ¢/oz
"Dave's Killer Bread White Bread Done Right Organic Bread Loaf, 24 oz, Shelf-Stable (24 ounce)",Breads & Buns,6.42,$6.42,26.8 ¢/oz
"Wonder Bread Giant White Sandwich Bread, Sliced White Bread, 24 oz, Shelf-Stable",Breads & Buns,2.92,$2.92,12.2 ¢/oz
"The Rustik Oven Sourdough Bread, 16 oz, Plain Sourdough Bread, Bag",Breads & Buns,4.37,$4.37,27.3 ¢/oz
"Bimbo Pan Blanco Grande Plain Bread, 24 oz, White Bread, Bag",Breads & Buns,3.34,$3.34,13.9 ¢/oz
"Oroweat Whole Grains Healthy Multi-Grain Bread, 24 oz, Multi-Grain Bread, Bag",Breads & Buns,4.28,$4.28,17.8 ¢/oz
Freshness Guaranteed 24 oz Sliced Sourdough Sandwich Bread,Breads & Buns,4.24,$4.24,24.9 ¢/oz
"Home Pride Butter Top Enriched Wheat Bread, Sliced Sandwich Bread, 20 oz, Shelf-Stable",Breads & Buns,3.74,$3.74,18.7 ¢/oz
"Oroweat Whole Wheat Bread, 24 oz, Wheat Bread, Bag",Breads & Buns,4.28,$4.28,17.8 ¢/oz
"Oroweat Country Style Potato Bread, 24 oz, Potato Bread, Bag",Breads & Buns,3.98,$3.98,16.6 ¢/oz
"Oroweat Oatnut Bread, 24 oz, Multigrain Bread, Bag",Breads & Buns,4.28,$4.28,17.8 ¢/oz
Dave's Killer Bread Thin Sliced 21 Whole Grains and Seeds Organic Bread 20.5 oz. Loaf,Breads & Buns,5.78,$5.78,28.2 ¢/oz
"Great Value Multi Grain Bread, 24 oz",Breads & Buns,3,$3.00,12.5 ¢/oz
"Freshness Guaranteed Italian Bread Loaf, 14 oz",Breads & Buns,1.62,$1.62,11.6 ¢/oz
"Natures Own Perfectly Crafted Brioche Style Bread Loaf, 22 oz, Shelf-Stable",Breads & Buns,3.86,$3.86,17.5 ¢/oz
"Thomas' Cinnamon Raisin Swirl Bread, 16 oz, Cinnamon Bread, Bag",Breads & Buns,3.62,$3.62,22.6 ¢/oz
"Dave's Killer Bread 21 Whole Grains and Seeds Organic Bread Loaf, 27 ounce, Shelf Stable",Breads & Buns,6.42,$6.42,23.8 ¢/oz
"Great Value Thick Sliced Texas Toast, 20 oz",Breads & Buns,2.12,$2.12,10.6 ¢/oz
"Oroweat Whole Grains 12 Grains and Seeds Bread, 24 oz, Multigrain Bread, Bag",Breads & Buns,4.28,$4.28,17.8 ¢/oz
"Great Value 100% Whole Wheat & Honey Bread Loaf, 24 oz",Breads & Buns,3,$3.00,12.5 ¢/oz
"Sun-Maid Cinnamon Swirl Raisin Bread, Cinnamon Raisin Bread, 16 oz Loaf",Breads & Buns,4.72,$4.72,29.5 ¢/oz
"Dave's Killer Bread White Bread Done Right Thin Sliced Organic Bread, 20.5 oz, Shelf-Stable",Breads & Buns,5.78,$5.78,28.2 ¢/oz
"Sara Lee 100% Whole Wheat Bread Loaf, 20 oz, 22 Count",Breads & Buns,3.74,$3.74,18.7 ¢/oz
"The Rustik Oven Hearty Grains & Seeds Bread, 16 oz, Whole Grain Seeded Bread, Bag",Breads & Buns,4.58,$4.58,28.6 ¢/oz
"Ezekiel 4:9 Sprouted Whole Grain Bread, Frozen, 24 oz (1.5 lb / 680G) Loaf, 20 Count Bag",Breads & Buns,7.53,$7.53,31.4 ¢/oz
"Francisco Extra Sourdough Bread, 24 oz, Plain Pre-sliced Sourdough Bread, Bag",Breads & Buns,4.74,$4.74,19.8 ¢/oz
"Freshness Guaranteed Sourdough Bakery Bread Loaf, 12 oz, 1 Count",Breads & Buns,1.76,$1.76,
"Oroweat Country Style Plain Bread, 24 oz, White Bread, Bag",Breads & Buns,3.98,$3.98,16.6 ¢/oz
"Oroweat D'Italiano Italian Bread, 22 oz, White Italian Bread, Bag",Breads & Buns,3.38,$3.38,15.4 ¢/oz
"Nature's Own Homestyle White, Half Loaf, Sliced Homestyle White Bread, 12 oz Loaf",Breads & Buns,2.32,$2.32,19.3 ¢/oz
"New York Bakery Real Garlic Breadsticks, 10.5 oz (6 Count), Frozen",Breadsticks,2.97,$2.97,28.3 ¢/oz
"Oroweat Small Slice Oatnut Bread, 18 oz, Oat Bread, Bag",Breads & Buns,3.27,$3.27,18.2 ¢/oz
"New York Bakery Real Garlic Texas Toast, 11.25 oz (8 Count), Frozen",Breads & Buns,2.97,$2.97,26.3 ¢/oz
"San Luis Sourdough Cracked Wheat Bread, 24 oz, Sourdough Bread, Bag",Breads & Buns,4.92,$4.92,20.5 ¢/oz
"San Luis Sourdough Plain Sourdough Deli Bread, 24 oz, Sourdough Bread, Bag",Breads & Buns,4.92,$4.92,20.5 ¢/oz
"San Luis Sourdough Garlic Bread, 24 oz, Sourdough Bread, Bag",Breads & Buns,4.92,$4.92,20.5 ¢/oz
"Oroweat Organic 22 Whole Grains & Seeds Bread, 27 oz, Multigrain Bread, Bag",Breads & Buns,4.98,$4.98,18.4 ¢/oz
"Oroweat Whole Grains Double Fiber Bread, 24 oz, Wheat Bread, Bag",Breads & Buns,4.28,$4.28,17.8 ¢/oz
"Nature's Own Life Keto Soft White Bread, Net 1 Carb Sliced White Keto Bread, 16 oz",Breads & Buns,6.64,$6.64,41.5 ¢/oz
"Dave's Killer Bread Thin-Sliced Good Seed Organic Bread 20.5 oz, Shelf-Stable",Breads & Buns,5.78,$5.78,28.2 ¢/oz
"Freshness Guaranteed Garlic Herb French Bread, 14 oz",Breads & Buns,1.82,$1.82,13.0 ¢/oz
"Marketside Sliced Brioche Bread, Shelf-Stable, Regular. 17.6 oz",Breads & Buns,5.22,$5.22,29.7 ¢/oz
"Marketside Sliced Sourdough Boule, 24 oz (Shelf-Stable)",Breads & Buns,4.47,$4.47,18.6 ¢/oz
"Josephs Low Net Carb Flax Lavash Bread, 1 Pack, 4 Count",Breads & Buns,3.47,$3.47,38.6 ¢/oz
"Nature's Harvest Honey Wheat Bread, 20 oz, White Bread, Bag",Breads & Buns,3.48,$3.48,17.4 ¢/oz
"Nature's Harvest Whole Wheat Bread, 20 oz, Wheat Bread, Bag",Breads & Buns,3.48,$3.48,17.4 ¢/oz
"Oroweat Organic 22 Whole Grains & Seeds Bread, 20 oz, Thin Sliced Multigrain Bread, Bag",Breads & Buns,4.68,$4.68,23.4 ¢/oz
"bettergoods Keto Friendly White Sandwich Bread, 14 oz",Breads & Buns,5.38,$5.38,38.4 ¢/oz
"Freshness Guaranteed 12 Grain Sandwich Bread, 24 oz",Breads & Buns,4.24,$4.24,17.7 ¢/oz
"The Rustik Oven Pane Italiano Bread, 16 oz, Italian Italian Bread, Bag",Breads & Buns,4.58,$4.58,28.6 ¢/oz
"Thomas' Cinnamon Swirl Bread, 16 oz, Cinnamon Bread, Bag",Breads & Buns,3.62,$3.62,22.6 ¢/oz
"Dave's Killer Bread Sprouted Whole Grains Thin-Sliced Organic Bread Loaf, 20.5 oz, Shelf-Stable",Breads & Buns,5.78,$5.78,28.2 ¢/oz
"Freshness Guaranteed Italian Garlic Herb Bread, 14 oz (Shelf Stable/Regular)",Breads & Buns,1.92,$1.92,13.7 ¢/oz
"Freshness Guaranteed Wheat Sub Bakery Bread Rolls, 16 oz, 6 Count",Breads & Buns,2.96,$2.96,18.5 ¢/oz
"Marketside Bake at Home Twin Demi Baguette, 12 oz, 2 Count",Breads & Buns,2.08,$2.08,17.3 ¢/oz
"Freshness Guaranteed Italian Style Sandwich Bread, 17 oz",English Muffins,4.24,$4.24,17.7 ¢/oz
"Freshness Guaranteed White Bolillos, 12 oz, 6 Count",Breads & Buns,2.46,$2.46,20.5 ¢/oz
"Josephs Low Net Carb Flax Pita Bread, 1 Pack, 6 Count",Breads & Buns,3.27,$3.27,40.9 ¢/oz
"Josephs Original White Pita Bread 4 Count 11oz, Shelf-Stable",Breads & Buns,2.64,$2.64,24.0 ¢/oz
"Sara Lee Delightful 100% Whole Wheat Bread Loaf, 20 oz, 26 Count",Breads & Buns,5.22,$5.22,26.1 ¢/oz
"Wonder Bread Classic Extra Soft White Bread Hamburger Buns, 15 oz, 8 Ct, Shelf-Stable",Breads & Buns,2.94,$2.94,19.6 ¢/oz
"Oroweat Jewish Rye Bread, 16 oz, Plain Rye Bread, Bag",Breads & Buns,4.46,$4.46,27.9 ¢/oz
"Bimbo Wheat Bread, 20 oz, Wheat Bread, Bag",Breads & Buns,2.76,$2.76,13.8 ¢/oz
"Freshness Guaranteed Wheat Bakery French Bread Loaf, 13 oz, 1 Count",Breads & Buns,1.62,$1.62,12.5 ¢/oz
"Sola Sweet & Buttery Sliced Bread, Soft White Bread, Non-GMO, 14 oz, Regular, Shelf-Stable",Breads & Buns,5.92,$5.92,42.3 ¢/oz
"Marketside French Baguette, Bake at Home, 10 oz, Bag, Shelf Stable",Breads & Buns,2.08,$2.08,20.8 ¢/oz
"Oroweat Schwarzwalder Rye Bread, 16 oz, Dark Rye Bread, Bag",Breads & Buns,4.46,$4.46,27.9 ¢/oz
"Schar Gluten Free Artisan Baker White Sourdough Bread Loaf, Regular, Shelf-Stable, 14.1 oz",Breads & Buns,6.26,$6.26,44.4 ¢/oz
"Nature's Own Hawaiian, Half Loaf, Sliced Hawaiian Bread, 12 oz Loaf",Breads & Buns,2.32,$2.32,19.3 ¢/oz
"Great Value Garlic Texas Toast, 11.25 oz, 8 Count (Frozen)",Breads & Buns,2.08,$2.08,18.4 ¢/oz
"Essential Baking Classic Sliced Sourdough Bread, Non-GMO, 16 oz",Breads & Buns,4.98,$4.98,31.1 ¢/oz
"Dave's Killer Bread Powerseed Organic Sliced Bread Loaf, 25 oz, Shelf-Stable",Breads & Buns,6.42,$6.42,25.7 ¢/oz
"Dave's Killer Bread Good Seed, Seeded Organic Bread, 27 oz Loaf",Breads & Buns,6.42,$6.42,23.8 ¢/oz
"Bridgford Foods Frozen Heat and Serve Cinnamon Pull-Apart Monkey Bread, Regular, 16 Ounces",Breads & Buns,3.93,$3.93,24.6 ¢/oz
"Dave's Killer Bread Raisin' The Roof! Organic Breakfast Bread, Cinnamon Raisin Loaf, 18 Oz",Breads & Buns,6.97,$6.97,38.7 ¢/oz
"Freshness Guaranteed Everything French Bakery Bread Loaf, 14 oz, 1 Count",Breads & Buns,1.82,$1.82,13.0 ¢/oz
"Sam's Choice Gluten-Free White Bread, 18 oz",Breads & Buns,7.12,$7.12,39.6 ¢/oz
"New York Bakery Five Cheese Texas Toast, 13.5 oz (8 Count), Frozen",Breads & Buns,3.76,$3.76,27.9 ¢/oz
"Redding French Bakery Fisherman's Wharf Style Extra Sourdough Bread, 24 oz",Breads & Buns,3.27,$3.27,13.6 ¢/oz
"Marketside Bake at Home Italian Loaf, 10 oz",Breads & Buns,2.46,$2.46,24.6 ¢/oz
"Freshness Guaranteed English Toasting Sliced Loaf, Each",Breads & Buns,4.24,$4.24,17.7 ¢/oz
"Marketside Vanilla Brioche Bread, Shelf-Stable, Regular, 14.1 oz",Breads & Buns,5.22,$5.22,37.0 ¢/oz
"Bimbo Pan Tostado Classic Toasted Bread, 14 count, White Toasted Bread, 7.41 oz Bag",Breads & Buns,3.12,$3.12,42.2 ¢/oz
"Freshness Guaranteed Sliced Hawaiian Bread, 24 oz",Breads & Buns,4.24,$4.24,17.7 ¢/oz
"bettergoods Keto Friendly Wheat Sandwich Bread, 14 oz",Breads & Buns,5.38,$5.38,38.4 ¢/oz
"Oroweat Multigrain Sandwich Thins, 6 count, Pre-sliced Sandwich Thins, 12 oz Tray",Breads & Buns,3.97,$3.97,33.1 ¢/oz
"Essential Baking Cracked Wheat Sliced Sourdough Bread, Non-GMO, 16 oz",Breads & Buns,4.98,$4.98,31.1 ¢/oz
"Nature's Harvest Hawaiian Bread, Half Loaf, 12 oz, Bread Loaf, Bag",Breads & Buns,1.98,$1.98,16.5 ¢/oz
"Sola Sweet Oat Sliced Bread, Soft White Bread, Non-GMO, 14 oz, Regular, Shelf-Stable",Breads & Buns,5.92,$5.92,42.3 ¢/oz
"Canyon Bakehouse Country White Gluten Free Bread, 100% Whole Grain Sandwich Bread, Fresh, 15 oz Loaf",Breads & Buns,6.78,$6.78,45.2 ¢/oz
"Freshness Guaranteed Banana Nut Loaf, Ready to Serve, 12 oz",Breads & Buns,3.94,$3.94,32.8 ¢/oz
"Brazi Bites Cheddar and Parmesan Brazilian Cheese Bread, Frozen, Regular, 11.5 oz (330g)",Breads & Buns,4.86,$4.86,42.3 ¢/oz
"Bimbo Pan Tostado Doble Fibra Toasted Bread, 14 count, Double Fiber Toasted Bread, 8.82 oz Bag",Breads & Buns,3.12,$3.12,35.5 ¢/oz
"Wonder Bread Jumbo Seeded White Bread Hamburger Buns, 15 oz, 8 Ct, Shelf-Stable",Breads & Buns,3.54,$3.54,17.7 ¢/oz
"Wonder Bread Classic Hot Dog Buns, White Bread Hot Dog Buns, 8 Ct, Shelf-Stable",Breads & Buns,2.94,$2.94,22.6 ¢/oz
"Marketside Italian Style Ciabatta Sandwich Rolls, 18 oz, 6 Count, Shelf-Stable",Breads & Buns,3.98,$3.98,22.1 ¢/oz
"Dave's Killer Bread Plain Awesome Bagels, Organic Bagels, 15g Whole Grains per Bagel, 5 Count",Bagels,6.34,$6.34,37.7 ¢/oz
"Great Value Five Cheese Texas Toast, 13.5 oz, 8 Count (Frozen)",Breads & Buns,2.08,$2.08,15.4 ¢/oz
"Freshness Guaranteed Sesame Seed Italian Loaf, 14 oz",Breads & Buns,1.82,$1.82,13.0 ¢/oz
"Freshness Guaranteed Pumpernickel Rye Sandwich Bread, 17 oz",Breads & Buns,4.24,$4.24,24.9 ¢/oz
"Nature's Harvest Plain Bread, 24 oz, Large White Bread, Bag",Breads & Buns,3.42,$3.42,14.3 ¢/oz
"Francisco Sourdough Bread, 16 oz, Pre-sliced Sourdough Bread, Bag",Breads & Buns,4.28,$4.28,26.8 ¢/oz
"Anthony & Sons Bakery Avocado Sliced Bread, 24 oz, Regular Size, Plastic Bag, Shelf Stable",Breads & Buns,5.47,$5.47,22.8 ¢/oz
"New York Bakery Real Cheese Texas Toast, 13.5 oz (8 Count), Frozen",Breads & Buns,3.76,$3.76,27.9 ¢/oz
"Canyon Bakehouse Hawaiian Sweet Gluten Free Bread, Fresh 15oz Loaf",Breads & Buns,6.78,$6.78,45.2 ¢/oz
"Freshness Guaranteed Lemon Streusel Loaf, 12 Ounce, (Shelf Stable)",Breads & Buns,3.94,$3.94,32.8 ¢/oz
"Canyon Bakehouse Mountain White Gluten Free White Bread Loaf, 18 oz., Frozen",Breads & Buns,6.47,$6.47,35.9 ¢/oz
"Sam's Choice Gluten-Free Multigrain Bread, 18 oz",Breads & Buns,7.12,$7.12,39.6 ¢/oz
"Schar Gluten Free Artisan Baker Multigrain Sourdough Bread Loaf, Regular, Shelf-Stable, 14.1 oz",Breads & Buns,6.26,$6.26,44.4 ¢/oz
"The Cheesecake Factory At Home Famous ""Brown Bread"" Wheat Dinner Rolls",Breads & Buns,3.98,$3.98,35.5 ¢/oz
"Rhodes Bake-N-Serv, White Bread Dough, 5 CT",Doughs,6.58,$6.58,8.2 ¢/oz
"Bimbo Pan Doble Fibra Double Fiber Bread, 21.52 oz, Multigrain Bread, Bag",Breads & Buns,3.12,$3.12,15.6 ¢/oz
"Sola 10g Complete Protein Soft Baked Regular White Bread Loaf, 20 oz, Shelf-Stable",Breads & Buns,6.48,$6.48,32.4 ¢/oz
"Nature's Harvest 9 Grain Bread, Half Loaf, 12 oz, Bread, Bag",Breads & Buns,1.98,$1.98,16.5 ¢/oz
"Freshness Guaranteed Marble Rye Sandwich Bread, 20 oz, 16 Slice, with a Crispy Crust & Soft Interior",Breads & Buns,4.24,$4.24,21.2 ¢/oz
"Bimbo Pan Integral Grande Large Wheat Bread, 24 oz",Breads & Buns,3.54,$3.54,14.8 ¢/oz
Sara Lee Delightful Healthy Multi-Grain Bread 20 oz. Bag,Breads & Buns,5.22,$5.22,26.1 ¢/oz
"Alfaro's Artesano Multigrain Bakery Bread, 20 oz, White Bread, Bag",Breads & Buns,3.94,$3.94,19.7 ¢/oz
"Canyon Bakehouse Ancient Grain Gluten Free Bread, 100% Whole Grain Sandwich Bread, Fresh, 15 oz",Breads & Buns,6.78,$6.78,45.2 ¢/oz
"Freshness Guaranteed Sliced Artisan White Sandwich Bread, 20 oz (Shelf Stable)",Breads & Buns,3.46,$3.46,17.3 ¢/oz
"Freshness Guaranteed White Sub Rolls, 16 oz, 6 Count",Breads & Buns,2.96,$2.96,18.5 ¢/oz
"Nature's Harvest Sandwich White Bread, 24 oz, White Bread, Bag",Breads & Buns,3.37,$3.37,14.0 ¢/oz
"San Luis Sourdough Plain Bread, 32 oz, Pre-sliced Sourdough Bread, Bag",Breads & Buns,5.78,$5.78,18.1 ¢/oz
"Nature's Harvest Honey Butter Bread, Half Loaf, 12 oz, Bread, Bag",Breads & Buns,1.98,$1.98,16.5 ¢/oz
"Papa Pita White Greek Pita Flat Bread, Shelf-Stable, 16.8 Ounce Package",Breads & Buns,4.47,$4.47,26.6 ¢/oz
"Marketside Sliced Cinnamon Brioche Bread, Shelf-Stable, Regular 17.6 oz",Breads & Buns,5.22,$5.22,29.7 ¢/oz
"One Mighty Mill Organic Stone-Milled Power Grains Bread Loaf, 24.5 Ounce",Breads & Buns,5.92,$5.92,24.2 ¢/oz
"Freshness Guaranteed Sliced Artisan Wheat Sandwich Bread, 20 oz",Breads & Buns,3.46,$3.46,17.3 ¢/oz
"Julian's Recipe Butter & Garlic Bread Baguette, 6.17 oz, Single Pack",Breads & Buns,2.73,$2.73,44.2 ¢/oz
"Nature's Harvest 100% Whole Wheat Bread, Half Loaf, 12 oz, Bread, Bag",Breads & Buns,1.98,$1.98,16.5 ¢/oz
"Schar Gluten Free Ciabatta Rolls, Artisan Bread Rolls Multipack, Regular, Shelf-Stable, 7 oz (4 Count)",Breads & Buns,5.92,$5.92,84.6 ¢/oz
"Dave's Killer Bread Powerseed Thin-Sliced, Seeded Organic Bread, Shelf-Stable, 20.5 Ounce Loaf",Breads & Buns,5.78,$5.78,28.2 ¢/oz
"Nature's Harvest White Bread, Half Loaf, 12 oz, Bread, Bag",Breads & Buns,1.98,$1.98,16.5 ¢/oz
"Oroweat Organic Whole Wheat Bread, 20 oz, Thin Sliced Wheat Bread, Bag",Breads & Buns,4.68,$4.68,23.4 ¢/oz
"Bimbo Cero Cero Wheat Bran Bread, 21.52 oz, Wheat Bread, Bag",Breads & Buns,3.12,$3.12,15.6 ¢/oz
"Alfaro's Artesano Hawaiian Bread, 20 oz, Sweet Hawaiian Bread, Bag",Breads & Buns,3.94,$3.94,19.7 ¢/oz
"Alfaro's Artesano White Bakery Rolls, 12 Count, White Bread, 18 oz Bag",Breads & Buns,3.92,$3.92,21.8 ¢/oz
"Oroweat Keto Bread, 8 count, White Hot Dog Buns, 12 oz Bag",Breads & Buns,5.96,$5.96,49.7 ¢/oz
"Marketside Sweet Cornbread, 12.5 oz (4 Count)",Breads & Buns,4.98,$4.98,39.8 ¢/oz
"(3 pack) Canyon Bakehouse Ancient Grain Gluten Free Bread, 100% Whole Grain Sandwich Bread, Fresh, 15 oz",Breads & Buns,20.34,$20.34,45.2 ¢/oz
"Great Value Sweet Hawaiian Rolls, 12 oz, 12 Count",Breads & Buns,2.5,$2.50,20.8 ¢/oz
Sara Lee Honey Wheat Bread 20 oz. Bag,Breads & Buns,3.72,$3.72,18.6 ¢/oz
"Oroweat Sandwich Thins Whole Wheat Rolls, 6 count, Pre-sliced Sandwich Thins, 12 oz Bag",Breads & Buns,3.97,$3.97,33.1 ¢/oz
"Oroweat Organic 100% Whole Grain Bread, 27 oz, Wheat Bread, Bag",Breads & Buns,4.98,$4.98,18.4 ¢/oz
"Oroweat Superior Keto Bread, 20 oz, Plain White Bread, Bag",Breads & Buns,5.98,$5.98,29.9 ¢/oz
"Nature's Harvest Sourdough Bread, Half Loaf, 12 oz, Bread, Bag",Breads & Buns,1.98,$1.98,16.5 ¢/oz
"Marketside Sourdough Loaf, Bake at Home, 10oz, 12""L x 2.5""W, With Open Cell Structure",Breads & Buns,2.96,$2.96,29.6 ¢/oz
"Inked Organics, Mighty Multigrain Bread, USDA Organic Certified, Whole Grains, Non GMO, 27oz, 1 Loaf",Breads & Buns,5.98,$5.98,22.1 ¢/oz
"Josephs Low Net Carb Flax Mini Pita Bread, 1 Pack, 8 Count",Breads & Buns,3.27,$3.27,40.9 ¢/oz
"Schar Gluten Free Deli Style Sourdough Bread, Regular, Shelf-Stable, 8.5 oz",Breads & Buns,4.97,$4.97,58.5 ¢/oz
"Marketside Bake at Home Tomato Herb Focaccia Bread, 12 oz",Breads & Buns,3.36,$3.36,28.0 ¢/oz
"Alfaro's Artesano Brioche Bakery Bread, 20 oz, Brioche Bread, Bag",Breads & Buns,3.94,$3.94,19.7 ¢/oz
"Brazi Bites Gluten-Free Garlic Brazilian Cheese Bread, Frozen, Regular, 11.5 oz (330g)",Breads & Buns,4.86,$4.86,42.3 ¢/oz
"San Luis Sourdough Jalapeno Sourdough Bread, 24 oz, Sourdough Bread, Bag",Breads & Buns,4.48,$4.48,18.7 ¢/oz
"Marketside Rosemary Focaccia Bread, Freshly Baked, 12 Oz",Breads & Buns,3.36,$3.36,28.0 ¢/oz
"Freshness Guaranteed French Steak Rolls, 13 oz, 8 Count",Breads & Buns,2.88,$2.88,22.2 ¢/oz
"Marketside Sliced Challah Bread, 16 oz",Breads & Buns,5.82,$5.82,36.4 ¢/oz
"Freshness Guaranteed Mini Sweet Cornbread , 16 oz, 8 Count",Breads & Buns,4.42,$4.42,27.6 ¢/oz
"Marketside Rosemary Olive Oil Loaf, Bake at Home, 12 oz",Breads & Buns,2.96,$2.96,24.7 ¢/oz
"One Mighty Mill Stone-Milled Whole Wheat Organic Bread Loaf, 24 Oz",Breads & Buns,5.92,$5.92,24.7 ¢/oz
"Great Value Garlic Cheese Loaf, 12 oz (Frozen)",Breads & Buns,2.97,$2.97,24.8 ¢/oz
"Nature's Harvest 100% Whole Wheat Bread, 16 oz, Wheat Bread, Bag",Breads & Buns,4.12,$4.12,25.8 ¢/oz
"Timber Wolf Keto Seeds Bread, Inked Keto, Paleo Foundation Keto certified, 18oz, 1 loaf",Breads & Buns,5.98,$5.98,33.2 ¢/oz
"Marketside Sliced Cheddar Jalapeno Sourdough Bread, 20 oz",Breads & Buns,6.24,$6.24,31.2 ¢/oz
"Marketside Sourdough Boules, 14 oz, 2 Count",Breads & Buns,4.96,$4.96,35.4 ¢/oz
"One Mighty Mill Stone-Milled Everything Organic Sliced Bread Loaf, 24.5 Ounce",Breads & Buns,5.92,$5.92,24.2 ¢/oz
"Freshness Guaranteed Garlic Texas Toast, 22.5 oz, 16 Count",Breads & Buns,3.96,$3.96,17.6 ¢/oz
"Bimbo Whole Wheat Bread, 16 oz, Pre-sliced Wheat Bread, Bag",Breads & Buns,3.72,$3.72,23.3 ¢/oz
"Sola Bread Blu-Berry Bagels, Non-GMO, 12 oz, 4 Count",Bagels,5.98,$5.98,49.8 ¢/oz
"Sola Bread Wheat Everything Bagels, Non-GMO, 12.4 oz, 4 Count",Bagels,5.98,$5.98,48.2 ¢/oz
"Oroweat Small Slice Whole Wheat Bread, 18 oz, Wheat Bread, Bag",Breads & Buns,3.27,$3.27,18.2 ¢/oz
"Marketside Marbled Chocolate Brioche Bread, Shelf-Stable, Regular 14.1 oz",Breads & Buns,5.22,$5.22,37.0 ¢/oz
"(2 pack) Canyon Bakehouse Country White Gluten Free Bread, 100% Whole Grain Sandwich Bread, Fresh, 15 oz Loaf",Breads & Buns,13.56,$13.56,45.2 ¢/oz
"Marketside Artisan Freshly Baked Rosemary Boule Bread, 16 oz",Breads & Buns,3.74,$3.74,23.4 ¢/oz
"Papa Pita Whole Wheat Flat Bread, 6 Count, Shelf-Stable",Tortillas & Wraps,4.47,$4.47,26.6 ¢/oz
"Marketside Sliced Tomato & Herb Braided Brioche Loaf, 17.6 oz",Breads & Buns,5.52,$5.52,31.4 ¢/oz
"Dave's Killer Bread Burger Buns Done Right, Organic Hamburger Buns, 8 Ct,  17.6 oz, Shelf-Stable",Breads & Buns,6.46,$6.46,36.7 ¢/oz
"King's Hawaiian Original Hawaiian Sweet Rolls 12 Count, 12oz, Shelf-Stable",Breads & Buns,4.72,$4.72,39.3 ¢/oz
"Oroweat Dill Rye Bread, 16 oz, Rye Bread, Bag",Breads & Buns,4.46,$4.46,27.9 ¢/oz
"Pillsbury Pull-Apart Kit, Monkey Bread Dough and Sauce, Family Size, 16.8 oz",Doughs,5.44,$5.44,32.4 ¢/oz
Sara Lee Classic 100% Whole Wheat Bread 16 oz. Bag,Breads & Buns,4.64,$4.64,29.0 ¢/oz
"(2 pack) Schar Gluten Free Artisan Baker White Sourdough Bread Loaf, Regular, Shelf-Stable, 14.1 oz",Breads & Buns,12.52,$12.52,44.4 ¢/oz
"Oroweat Superior Keto Bread, 20 oz, Seeded White Bread, Bag",Breads & Buns,5.98,$5.98,29.9 ¢/oz
"Marketside Jalapeno Cornbread, 12.5 oz (4 Count)",Breads & Buns,4.98,$4.98,39.8 ¢/oz
"(2 pack) Canyon Bakehouse Ancient Grain Gluten Free Bread, 100% Whole Grain Sandwich Bread, Fresh, 15 oz",Breads & Buns,13.56,$13.56,45.2 ¢/oz
"(2 pack) Schar Gluten Free Artisan Baker Multigrain Sourdough Bread Loaf, Regular, Shelf-Stable, 14.1 oz",Breads & Buns,12.52,$12.52,44.4 ¢/oz
"Freshness Guaranteed Wheat Bolillo Rolls, 12 oz, 6 Count",Breads & Buns,2.46,$2.46,20.5 ¢/oz
"Amodeo's Five Cheese Homestyle Breadsticks, 18 Sticks (Frozen)",Breadsticks,5.94,$5.94,30.2 ¢/oz
"[Discontinued] Oroweat Russian Rye Bread, 16 Oz",Breads & Buns,4.46,$4.46,27.9 ¢/oz
"Great Value Hot Dog Buns, White, 11 oz, 8 Count",Breads & Buns,1.48,$1.48,13.5 ¢/oz
"Nature's Own Hot Dog Butter Buns, Soft White Bread Hot Dog Buns, 8 Count",Breads & Buns,3.97,$3.97,26.5 ¢/oz
"New York Bakery Real Cheese Olde World Ciabatta Rolls, 10 oz (6 Count), Frozen",Breads & Buns,3.94,$3.94,39.4 ¢/oz
"Pillsbury Pumpkin Quick Bread and Muffin Mix, 14 oz Box",Baking Mixes,2.97,$2.97,21.2 ¢/oz
"Great Value Hamburger Buns, 11 oz, 8 Count",Breads & Buns,1.48,$1.48,13.5 ¢/oz
"Dave's Killer Bread Epic Everything Organic Bagels, 16.75 oz, 5 Ct, Shelf-Stable",Bagels,6.34,$6.34,37.7 ¢/oz
"Sola Bread Cinnamon & Raisin Soft Bagels, Non-GMO, 12 oz, 4 Count",Bagels,5.98,$5.98,49.8 ¢/oz
"Dave's Killer Bread Boomin' Berry Organic Bagels, 16.75 oz, 5 Ct, Shelf-Stable",Bagels,6.34,$6.34,37.7 ¢/oz
Joseph's White Greek Style Pocketless Pita 4 Count 14 oz,Breads & Buns,3.48,$3.48,24.9 ¢/oz
"Marketside Brioche Slider Rolls, Shelf-Stable, Regular, 16.9 oz, 12 Count",Breads & Buns,4.97,$4.97,29.4 ¢/oz
"Martin's Hoagie Rolls, 6 count",Breads & Buns,4.26,$4.26,21.3 ¢/oz
"King's Hawaiian Original Hawaiian Sweet Dinner Rolls 24 Count, 24 oz, Shelf-Stable",Breads & Buns,7.17,$7.17,29.9 ¢/oz
"Nature's Own Life Keto Burger Buns, Keto Bread Hamburger Buns, 8 Ct, Shelf-Stable",Breads & Buns,6.64,$6.64,55.3 ¢/oz
"Dave's Killer Bread Super Cinna Roll Crunchy Snack Bites, 7.2 oz",Granola,5.22,$5.22,72.5 ¢/oz
"(4 pack) Schar Gluten Free Artisan Baker White Sourdough Bread Loaf, Regular, Shelf-Stable, 14.1 oz",Breads & Buns,25.04,$25.04,44.4 ¢/oz
"Marketside Sliced Honey Wheat Brioche Bread, 15.87 oz",Breads & Buns,4.68,$4.68,29.5 ¢/oz
"Texas Roadhouse Mini Rolls with Honey Cinnamon Glaze, 12 Count",Breads & Buns,6,$6.00,42.9 ¢/oz
"Sam's Choice Whole Wheat Greek Style Pita, 16.8 oz, 6 Count",Breads & Buns,3.17,$3.17,18.9 ¢/oz
"King's Hawaiian Original Hawaiian Sweet Mini Sub Rolls 6 Count, 12 oz, Shelf-Stable",Breads & Buns,4.97,$4.97,41.4 ¢/oz
"Nature's Own Perfectly Crafted Brioche Style Hamburger Buns, 8 Ct, Shelf-Stable",Breads & Buns,3.97,$3.97,22.1 ¢/oz
"Wonder Bread Jumbo Hamburger Buns, White Bread Rolls, 8 Count, Shelf-Stable",Breads & Buns,3.64,$3.64,18.2 ¢/oz
"Sam's Choice White Greek Style Pita, 16.8 oz, 6 Count",Breads & Buns,3.17,$3.17,18.9 ¢/oz
"Freshness Guaranteed French Steak Rolls, 2 lb 7 oz, 24 Count",Breads & Buns,5.97,$5.97,15.3 ¢/oz
"(2 pack) Canyon Bakehouse Hawaiian Sweet Gluten Free Bread, Fresh 15oz Loaf",Breads & Buns,13.56,$13.56,45.2 ¢/oz
"Dave's Killer Bread Sandwich Rolls Done Right, Organic White Bread Sandwich Rolls, 6 Count",Breads & Buns,6.46,$6.46,35.9 ¢/oz
"Dave's Killer Bread Cinnamon Raisin Remix Organic Bagels, 16.75 Oz., 5 Ct, Shelf-Stable",Bagels,6.34,$6.34,37.7 ¢/oz
"(4 pack) Schar Gluten Free Ciabatta Rolls, Artisan Bread Rolls Multipack, Regular, Shelf-Stable, 7 oz (4 Count)",Breads & Buns,23.68,$23.68,84.6 ¢/oz
"(3 pack) Schar Gluten Free Artisan Baker White Sourdough Bread Loaf, Regular, Shelf-Stable, 14.1 oz",Breads & Buns,18.78,$18.78,44.4 ¢/oz
"(3 pack) Schar Gluten Free Artisan Baker Multigrain Sourdough Bread Loaf, Regular, Shelf-Stable, 14.1 oz",Breads & Buns,18.78,$18.78,44.4 ¢/oz
"Freshness Guaranteed White Kaiser Rolls, 11 oz, 6 Count (Shelf Stable/Regular)",Breads & Buns,2.96,$2.96,26.9 ¢/oz
"(4 pack) Schar Gluten Free Artisan Baker Multigrain Sourdough Bread Loaf, Regular, Shelf-Stable, 14.1 oz",Breads & Buns,25.04,$25.04,44.4 ¢/oz
"Ball Park White Burger Buns, 8 count, Kosher Hamburger Buns, 15 oz Bag",Breads & Buns,2.97,$2.97,19.8 ¢/oz
"Sister Schubert's Dinner Yeast Rolls 13 Oz, 10 Count",Breads & Buns,4.33,$4.33,36.1 ¢/oz
"Ball Park White Hot Dog Buns, 8 count, Kosher Hot Dog Buns, 14 oz Bag",Breads & Buns,2.97,$2.97,22.8 ¢/oz
"Dave's Killer Bread Rockin' Grains English Muffins, Organic Whole Grain English Muffins, 6 Count",English Muffins,6.34,$6.34,48.0 ¢/oz
"Nature's Own Life Keto Soft White Hotdog Buns, Keto Hotdog Buns, Keto Bread Buns, 8 Count",Breads & Buns,6.64,$6.64,55.3 ¢/oz
"King's Hawaiian Savory Butter Rolls 12 Count, 12 oz, Shelf-Stable",Breads & Buns,4.72,$4.72,39.3 ¢/oz
"(2 pack) Pillsbury Pumpkin Quick Bread and Muffin Mix, 14 oz Box",Baking Mixes,5.94,$5.94,21.2 ¢/oz
"Dave's Killer Bread Killer Classic English Muffins, Organic English Muffins, 6 Ct, Shelf-Stable",English Muffins,6.34,$6.34,48.0 ¢/oz
"Alfaro's Artesano Brioche Hot Dog Buns, 8 count, Hot Dog Buns, 13.55 oz Bag",Breads & Buns,3.84,$3.84,28.4 ¢/oz
"New York Bakery Real Garlic Hand-Tied Garlic Knots, 7.3 oz (6 Count), Frozen",Breads & Buns,3.94,$3.94,54.0 ¢/oz
"(3 pack) Schar Gluten Free Ciabatta Rolls, Artisan Bread Rolls Multipack, Regular, Shelf-Stable, 7 oz (4 Count)",Breads & Buns,17.76,$17.76,84.6 ¢/oz
"(3 pack) Bon Appetit Shelf-Stable Sliced Banana Bread, 4 oz",Breads & Buns,7.14,$7.14,59.5 ¢/ea
"Alfaro's Artesano White Bakery Buns, 8 Count, Hamburger Buns, 19 oz Bag",Breads & Buns,3.68,$3.68,19.4 ¢/oz
"Freshness Guaranteed Hard Rolls, 16 oz, 12 Count",Breads & Buns,3.97,$3.97,24.8 ¢/oz
"Sola Savory & Buttery Rolls, 12 Count",Breads & Buns,4.48,$4.48,37.3 ¢/oz
"Stonefire Original Naan Dippers, 7.05 oz, 20 Count",Breads & Buns,3.97,$3.97,55.9 ¢/oz
"King's Hawaiian Savory Butter Dinner Rolls 24 Count, 24 oz, Shelf-Stable",Breads & Buns,7.17,$7.17,29.9 ¢/oz
"(4 pack) Schar Gluten Free Deli Style Sourdough Bread, Regular, Shelf-Stable, 8.5 oz",Breads & Buns,19.88,$19.88,58.5 ¢/oz
"Marketside Tandoori Style Original Naan Bites, 7.05 oz, 15 Count",Breads & Buns,3.72,$3.72,52.8 ¢/oz
"Marketside Tandoori Style Garlic Naan Bites, 7.05 oz, 15 Count",Breads & Buns,3.72,$3.72,52.8 ¢/oz
"Rhodes Yeast Dinner Rolls, 3 lbs, 36 Count Bag (Frozen)",Breads & Buns,5.12,$5.12,10.7 ¢/oz
"Sam's Choice Sweet Hawaiian Slider Buns, 12 oz, 12 Count",Breads & Buns,3.47,$3.47,28.9 ¢/oz
"Sola Sweet Hawaiian Rolls, 12 Count, Regular, Shelf-Stable",Breads & Buns,4.48,$4.48,37.3 ¢/oz
"Sam's Choice Sweet Hawaiian Sub Rolls, 12 oz, 6 Count",Breads & Buns,3.98,$3.98,33.2 ¢/oz
"Alfaro's Artesano Brioche Buns, 6 Count, Hamburger Buns, 16.4 oz Bag",Breads & Buns,3.84,$3.84,23.4 ¢/oz
"Bimbo Bimbollos Hamburger Buns, 8 count, White Hamburger Buns, 15 oz Bag",Breads & Buns,2.24,$2.24,14.9 ¢/oz
"Great Value Glazed Honey Buns, 10.5 oz, 6 Count",Breads & Buns,2.47,$2.47,23.5 ¢/oz
"Ozery Bakery Blueberry Morning Rounds, Breakfast Buns, 6 Buns per Bag, 6-Pack, 12.7 oz",Breads & Buns,3.87,$3.87,30.5 ¢/oz
"Martin's Potato Long Rolls, 8 count",Breads & Buns,4,$4.00,26.7 ¢/oz
"Ball Park Tailgaters Deli Rolls, 6 count, 15 oz",Breads & Buns,4.12,$4.12,27.5 ¢/oz
"Great Value Brown and Serve White Dinner Rolls, 12 oz, 12 Count",Breads & Buns,1.96,$1.96,16.3 ¢/oz
"Nature's Own Perfectly Crafted Brioche Style Hot Dog Buns, 16 Oz, 8 Ct, Shelf-Stable",Breads & Buns,3.97,$3.97,24.8 ¢/oz
"Chicago Deli Hawaiian Bread Mini Dogs, 8 oz (Frozen)",Sausages & Hot Dogs,5.87,$5.87,73.4 ¢/oz
"Freshness Guaranteed Yeasty Dinner Rolls, 12oz, 12 count",Breads & Buns,2.46,$2.46,20.5 ¢/oz
"Alfaro's Artesano Hawaiian Dinner Rolls, 12 count, Honey Dinner Rolls, 17 oz Bag",Breads & Buns,3.3,$3.30,18.3 ¢/oz
"Freshness Guaranteed Hawaiian Dinner Rolls, 16 oz, 12 Count (Regular)",Breads & Buns,3.24,$3.24,20.3 ¢/oz
"Freshness Guaranteed Yeasty Dinner Rolls, 16 oz, 12 Count (Regular)",Breads & Buns,3.24,$3.24,20.3 ¢/oz
"Bimbo Nito Chocolate Crme Filled Sweet Baked Good, 4 packs, Eclairs, 8.76 oz Multipack",Breads & Buns,3.67,$3.67,41.7 ¢/oz
"Rhodes Bake-N-Serv Frozen White Texas Rolls, 24 Large Dinner Rolls",Breads & Buns,5.12,$5.12,10.7 ¢/oz
"Nature's Own White Hamburger Butter Buns, 16 oz, 8 Ct, Shelf-Stable",Breads & Buns,3.97,$3.97,24.8 ¢/oz
"Martin's Potato Sandwich Rolls, Fresh 3.5 inch Buns, Ready to Eat",Breads & Buns,4,$4.00,26.7 ¢/oz
"Red Lobster Frozen Cheddar Bay Biscuits, Ready to Bake Cheddar Bay Frozen Biscuits, 8 Count, 15.66 Oz Box",Breads & Buns,5.23,$5.23,33.3 ¢/oz
"Ozery Bakery Cranberry Orange Morning Rounds, Breakfast Buns, 6 Buns per Bag, 12.7 oz",Breads & Buns,3.87,$3.87,30.5 ¢/oz
"Marketside Tomato & Herb Garlic Knots, 8 Count, 10.4 oz",Breads & Buns,3.57,$3.57,34.3 ¢/oz
"bettergoods Keto Friendly Hamburger Buns, 14 oz, 8 Count",Breads & Buns,4.78,$4.78,34.1 ¢/oz
"Martin's Big Marty's Rolls, 8 Count, Seeded 4 Inch Roll",Breads & Buns,4.26,$4.26,23.7 ¢/oz
"Marketside Savory Hand-Tied Garlic Knots, 10.4 oz, 8 Count",Breads & Buns,3.57,$3.57,34.3 ¢/oz
"Freshness Guaranteed Hamburger Rolls, 10 oz, 8 Count",Breads & Buns,2.88,$2.88,28.8 ¢/oz
"Great Value Yeast Dinner Rolls, 15 oz, 10 Count (Frozen)",Breads & Buns,3.64,$3.64,24.3 ¢/oz
"St Pierre Sesame Seed Brioche Burger Buns, 4 count, Hamburger Buns, 8.8 oz Bag",Breads & Buns,3.98,$3.98,45.2 ¢/oz
"Marketside Brioche Style Hamburger Buns, 10.6 oz, 6 Count",Breads & Buns,4.97,$4.97,46.9 ¢/oz
"bettergoods Sriracha and Garlic Hand Tied Croissant Knots, Garlic Topped, Baked, 12 oz, 6 Count (Frozen)",Breads & Buns,4.97,$4.97,41.4 ¢/oz
"Great Value Big Iced Honey Buns, 22 oz, 8 Count",Breads & Buns,4.88,$4.88,22.2 ¢/oz
"Alfaro's Artesano White Sausage Rolls, 6 count, Sandwich Rolls, 15 oz Bag",Breads & Buns,3.64,$3.64,24.3 ¢/oz
"Bimbo White Hot Dog Buns, 8 count, Hot Dog Buns, 14 oz Bag",Breads & Buns,2.24,$2.24,16.0 ¢/oz
"bettergoods Basil Pesto Hand Tied Croissant Knots, Garlic Filled, Baked, 12 oz, 6 Count (Frozen)",Breads & Buns,4.97,$4.97,41.4 ¢/oz
"Great Value Big Glazed Honey Buns, 24 oz, 8 Count",Breads & Buns,4.88,$4.88,20.3 ¢/oz
"Freshness Guaranteed Bratwurst Buns, 9 oz, 6 Count",Breads & Buns,2.42,$2.42,26.9 ¢/oz
"Sam's Choice Sweet Hawaiian Hamburger Buns, 15 oz, 8 Count",Breads & Buns,3.47,$3.47,23.1 ¢/oz
"Marketside Brioche Rolls, 9.88 oz, 8 Count",Breads & Buns,5.22,$5.22,52.7 ¢/oz
"Oroweat Superior Keto Plain Hamburger Buns, 8 count, Hamburger Buns, 12 oz Bag",Breads & Buns,5.96,$5.96,49.7 ¢/oz
"Marketside Ready to Bake Italian Sliders, 23.26 oz, 12 Count (Refrigerated)",Packaged Meals,12.94,$12.94,51.1 ¢/oz
"Pillsbury Grands! Southern Style Frozen Breakfast Biscuits, Value Pack, 20 ct., 41.6 oz",Breads & Buns,5.42,$5.42,13.0 ¢/oz
"Little Debbie Big Pack Honey Buns, 21.15 oz (9 count)",Breads & Buns,5.48,$5.48,25.7 ¢/oz
"Bon Appetit Shelf-Stable Concha French Sweetie, 5 oz",Breads & Buns,2.67,$2.67,53.4 ¢/ea
"Marketside Brioche Hot Dog Buns,13.6 oz, 8 Count (Shelf Stable/Regular)",Breads & Buns,4.97,$4.97,36.5 ¢/oz
"Wonder Restaurant Style Seeded Hamburger Buns, 12 Ct, Shelf-Stable",Breads & Buns,4.87,$4.87,17.4 ¢/oz
"bettergoods Ube Dinner Rolls, 12 oz, 12 Count",Breads & Buns,4.37,$4.37,36.4 ¢/oz
"Ball Park Tailgaters Sesame Buns, 8 count, White Hamburger Buns, 21 oz Bag",Breads & Buns,3.97,$3.97,18.9 ¢/oz
"Pillsbury Grands! Butter Tastin' Frozen Biscuits, Value Pack, 20 ct., 41.6 oz.",Breads & Buns,5.42,$5.42,13.0 ¢/oz
"Sam's Choice Sweet Hawaiian Hot Dog Buns, 13.5 oz, 8 Count (Shelf Stable)",Breads & Buns,3.47,$3.47,25.7 ¢/oz
"Marketside Sesame Seed Brioche Style Hamburger Buns, 10.6 oz, 6 Count, Shelf Stable",Breads & Buns,4.97,$4.97,46.9 ¢/oz
"bettergoods Hand-Braided Four Cheese Stuffed Pastry with Raspberry Sauce, 17 oz",Breads & Buns,5.46,$5.46,32.1 ¢/oz
"Rhodes Bake-N-Serv Yeast Dinner Rolls, 6 lbs Bag, 72 White Dinner Rolls (Frozen)",Breads & Buns,9.28,$9.28,9.7 ¢/oz
"Martin's Slider Potato Rolls, 12 Count, 3 inch, fresh",Breads & Buns,4,$4.00,25.0 ¢/oz
"Wonder Jumbo Seeded Hamburger Buns, 4 Count, Shelf-Stable",Breads & Buns,3.12,$3.12,29.7 ¢/oz
"Sam's Choice Sweet Buttery Rolls, 12 oz, 12 Count",Breads & Buns,3.47,$3.47,28.9 ¢/oz
"Keto Culture Hamburger Buns, 12 oz, 8 Count",Breads & Buns,6.32,$6.32,52.7 ¢/oz
"Oroweat Potato Hot Dog Buns, 8 count, Pre-sliced Hot Dog Buns, 16 oz Bag",Breads & Buns,3.78,$3.78,23.6 ¢/oz
"Sam's Choice Sweet Hawaiian Onion Hamburger Buns, 15 oz, 8 Count",Breads & Buns,3.98,$3.98,26.5 ¢/oz
"St Pierre, Brioche Pretzel Rolls, Shelf-Stable, Regular, 6 Count",Breads & Buns,5.48,$5.48,38.9 ¢/oz
"Marketside Bavarian Style Pretzel Hamburger Buns, 19.2 oz, 6 Count",Breads & Buns,4.98,$4.98,25.9 ¢/oz
"Oroweat Potato Buns, 8 count, Hamburger Buns, 21 oz Bag",Breads & Buns,4.24,$4.24,20.2 ¢/oz
"Martin's Sweet Dinner Potato Rolls, Fresh, Sweet Rolls, 12 pack",Breads & Buns,3.68,$3.68,24.5 ¢/oz
"Marketside Chocolate Chip Brioche Rolls, 9.88 oz, 8 Count",Breads & Buns,5.5,$5.50,55.6 ¢/oz
"Keto Culture Hot Dog Buns, 12.5 oz, 8 Count",Breads & Buns,5.97,$5.97,47.8 ¢/oz
"Ball Park Tailgaters Gourmet Extra Large Buns, 8 count, White Hamburger Buns, 21 oz Bag",Breads & Buns,4.13,$4.13,19.7 ¢/oz
"(3 pack) Bon Appetit Shelf-Stable Concha French Sweetie, 5 oz",Breads & Buns,8.01,$8.01,53.4 ¢/ea
"Sam's Choice Sweet Hawaiian Rolls, 4.5 oz, 4 Count",Breads & Buns,1.74,$1.74,38.7 ¢/oz
"Rhodes Frozen Cinnamon Rolls with Cream Cheese Frosting, 12-Count, 36.6 oz Bag",Pastries,5.12,$5.12,14.0 ¢/oz
"(3 pack) Schar Gluten Free Hamburger Buns, Shelf-Stable, 10.6 oz (4 Count)",Breads & Buns,17.76,$17.76,55.8 ¢/oz
"(3 pack) Little Debbie Big Pack Honey Buns, 21.15 oz (9 count)",Breads & Buns,16.44,$16.44,25.7 ¢/oz
"Hostess Jumbo Honey Bun, Iced Snack, 4 oz Pack",Breads & Buns,1.68,$1.68,35.4 ¢/oz
"(3 pack) Great Value Big Glazed Honey Buns, 24 oz, 8 Count",Breads & Buns,14.64,$14.64,20.3 ¢/oz
"Schar Gluten Free Hamburger Buns, Shelf-Stable, 10.6 oz (4 Count)",Breads & Buns,5.92,$5.92,55.8 ¢/oz
"Hostess Jumbo Honey Bun, Glazed Snack, 4 oz Pack",Breads & Buns,1.68,$1.68,35.4 ¢/oz
"Wonder Glazed Honey Buns, Individually Wrapped Pastry Snacks, 10.5 oz, 6 Count",Pastries,2.67,$2.67,25.4 ¢/oz
"(3 pack) Great Value Glazed Honey Buns, 10.5 oz, 6 Count",Breads & Buns,7.41,$7.41,23.5 ¢/oz
"Dave's Killer Bread 21 Whole Grains and Seeds Organic Sandwich Rolls, Organic Sub Rolls, 6 Count","Sandwiches, Filled Rolls & Wraps",6.46,$6.46,35.9 ¢/oz
"Werthers Original Hard Sugar Free Assorted Flavors, Caramel Coffee, Caramel Chocalate, Caramel Candy 7.7 oz",Caramel Candy,7.16,$7.16,93.0 ¢/oz
Werther's Original Chewy Sugar Free Caramel Candy 7.7 oz,Caramel Candy,7.16,$7.16,93.0 ¢/oz
"Werther's Original Hard Sugar Free Caramel Candy, 7.7 oz",Caramel Candy,7.16,$7.16,93.0 ¢/oz
"Ice Breakers Duo Fruit Plus Cool Strawberry Sugar Free Mints, Tin 1.3 oz",Mint Candy,3.62,$3.62,$2.79/oz
"Jolly Rancher Zero Sugar Assorted Fruit Flavored Hard Candy, Bag 6.1 oz",Fruit Flavored Candy,6.66,$6.66,$1.09/oz
"Jolly Rancher Zero Sugar Tropical Fruit Flavored Hard Candy, Bag 6.1 oz",Hard Candy,6.66,$6.66,$1.09/oz
"RUSSELL STOVER Sugar Free Pecan Delight Chocolate Candy, 15.5 oz. bag",Chocolate Candy,14.14,$14.14,91.2 ¢/oz
"Reese's Zero Sugar Miniatures Chocolate Peanut Butter Cups Candy, Bag 5.1 oz",Candy Bars & Miniatures,6.66,$6.66,$1.31/oz
Life Savers Wint-O-Green Sugar Free Breath Mints Hard Candy - 2.75 oz,Mint Candy,2.97,$2.97,$1.08/oz
"Ice Breakers Wintergreen Sugar Free Mints, Tin 1.5 oz",Mint Candy,3.62,$3.62,$2.41/oz
"RUSSELL STOVER Sugar Free Almond Chocolate Candy Bar, 3 oz.",Candy Bars & Miniatures,3.48,$3.48,$1.16/oz
"RUSSELL STOVER Sugar Free Assorted Chocolate Candy 4 Flavor Mix, 10 oz. bag",Chocolate & Candy Assortments,9.47,$9.47,94.7 ¢/oz
"York Zero Sugar Chocolate Peppermint Patties Candy, Bag 5.1 oz",Mint Candy,6.66,$6.66,$1.31/oz
"RUSSELL STOVER Sugar Free Caramel Chocolate Candy Bar, 3 oz.",Candy Bars & Miniatures,3.48,$3.48,
"Hershey's, Reese's And York Zero Sugar Assorted Flavored Candy, Variety Bag 15.5 oz",Chocolate & Candy Assortments,15.58,$15.58,$1.01/oz
"RUSSELL STOVER Sugar Free Assorted Chocolate Candy with Nuts, 15.5 oz. bag",Chocolate Candy,14.14,$14.14,91.2 ¢/oz
"Hershey's Zero Sugar Caramel Filled Chocolate Candy, Bag 5.1 oz",Chocolate Candy,6.66,$6.66,$1.31/oz
"RUSSELL STOVER Sugar Free Dark Chocolate Pecan Delights Candy, 10 oz. bag",Chocolate Candy,9.94,$9.94,99.4 ¢/oz
"RUSSELL STOVER Sugar Free Toffee Squares in Chocolate Candy, 5.1 oz. bag",Chocolate Candy,5.22,$5.22,$1.02/oz
"Lily's Hazelnut Milk Chocolate Style No Sugar Added Sweets, Bar 2.8 oz",Candy Bars & Miniatures,5.22,$5.22,$1.86/oz
"Ice Breakers Cool Mint Sugar Free Mints, Tin 1.5 oz",Mint Candy,3.62,$3.62,$2.41/oz
"RUSSELL STOVER Sugar Free Dark Chocolate Mint Patties Candy, 10 oz. bag",Chocolate Candy,9.94,$9.94,99.4 ¢/oz
"Breath Savers Peppermint Flavored Sugar Free Breath Mints, Rolls 0.75 oz, 8 Count",Mint Candy,7.12,$7.12,$1.19/oz
"Ice Breakers Wintergreen Flavored Sugar Free Mints, Pucks 1.5 oz, 2 Count",Mint Candy,5.72,$5.72,$1.91/oz
"(4 pack) York Zero Sugar Chocolate Peppermint Patties Candy, Bag 5.1 oz",Chocolate Candy,26.64,$26.64,$1.31/oz
"Reese's Zero Sugar Miniatures Dark Chocolate Peanut Butter Cups Candy, Bag 5.1 oz",Chocolate Candy,6.66,$6.66,$1.31/oz
"Breath Savers Spearmint Flavored Sugar Free Breath Mints, Rolls 0.75 oz, 8 Count",Mint Candy,7.12,$7.12,$1.19/oz
"Breath Savers Spearmint Flavored Sugar Free Breath Mints, Tin 1.27 oz",Mint Candy,3.62,$3.62,$2.85/oz
"Breath Savers Wintergreen Flavored Sugar Free Breath Mints, Rolls 0.75 oz, 8 Count",Mint Candy,7.12,$7.12,$1.19/oz
"Hershey's And Reese's Zero Sugar Assorted Dark Chocolate Candy, Variety Bag 15.5 oz",Chocolate Candy,15.58,$15.58,$1.01/oz
"Ice Breakers Cinnamon Flavored Sugar Free Mints, Puck 1.5 oz",Mint Candy,3.62,$3.62,$2.41/oz
"(2 pack) Lily's Salted Almond Milk Chocolate Style No Sugar Added Sweets, Bar 3 oz",Chocolate Candy,10.44,$10.44,$1.74/oz
"Ice Breakers Spearmint Sugar Free Mints, Tin 1.5 oz",Mint Candy,3.62,$3.62,$2.41/oz
"(3 pack) Atkins Endulge Peanut Butter Cups, Sugar Free Candy, Keto Desserts, Low Sugar Treats, 20 Ct",Chocolate Candy,42.42,$42.42,$1.18/oz
"Ice Breakers Coolmint Sugar Free Mints, Tins 1.5 oz, 2 Count",Mint Candy,5.72,$5.72,$1.91/oz
"(2 pack) Lily's Creamy Milk Chocolate Style No Sugar Added Sweets, Bar 3 oz",Candy Bars & Miniatures,10.44,$10.44,$1.74/oz
"(2 pack) Ice Breakers Sparkling Raspberry Lemon Seltzer Flavored Sugar Free Mints, Puck 1.5 oz",Mint Candy,5.52,$5.52,$1.84/oz
"(3 pack) Hershey's Zero Sugar Caramel Filled Chocolate Candy, Bag 5.1 oz",Chocolate Candy,19.98,$19.98,$1.31/oz
"(2 pack) Jolly Rancher Zero Sugar Assorted Fruit Flavored Hard Candy, Bag 6.1 oz",Hard Candy,13.32,$13.32,$1.09/oz
"(3 pack) Jolly Rancher Zero Sugar Tropical Fruit Flavored Hard Candy, Bag 6.1 oz",Hard Candy,19.98,$19.98,$1.09/oz
"(3 pack) Breath Savers Spearmint Flavored Sugar Free Breath Mints, Rolls 0.75 oz, 8 Count",Mint Candy,20.22,$20.22,$1.12/oz
"(3 pack) Breath Savers Wintergreen Flavored Sugar Free Breath Mints, Rolls 0.75 oz, 8 Count",Mint Candy,20.22,$20.22,$1.12/oz
"(3 pack) Jolly Rancher Zero Sugar Assorted Fruit Flavored Hard Candy, Bag 18.5 oz",Hard Candy,46.74,$46.74,84.2 ¢/oz
"Ice Breakers Duo Fruit + Cool Watermelon Sugar Free Mints, 1.3 oz",Mint Candy,2.76,$2.76,$2.12/oz
"(3 pack) Reese's Zero Sugar Miniatures Dark Chocolate Peanut Butter Cups Candy, Bag 5.1 oz",Chocolate Candy,19.98,$19.98,$1.31/oz
"(2 pack) Ice Breakers Cool Mint Sugar Free Mints, Tin 1.5 oz",Mint Candy,7.24,$7.24,$2.41/oz
"(3 pack) Lily's White Chocolate Style No Sugar Added Baking Bar, 4 oz",Snack Bars,16.44,$16.44,$1.37/oz
"(2 pack) Ice Breakers Wintergreen Sugar Free Mints, Tin 1.5 oz",Mint Candy,7.24,$7.24,$2.41/oz
"(3 pack) Ice Breakers Coolmint Sugar Free Mints, Tins 1.5 oz, 2 Count",Mint Candy,17.16,$17.16,$1.91/oz
"(2 pack) Ice Breakers Spearmint Sugar Free Mints, Tin 1.5 oz",Mint Candy,7.24,$7.24,$2.41/oz
"(2 pack) Ice Breakers Wintergreen Flavored Sugar Free Mints, Pucks 1.5 oz, 2 Count",Mint Candy,11.44,$11.44,$1.91/oz
"Ice Breakers Fruity Mix Assorted Fruit Flavored Sugar Free Mints Puck, 1.5 oz",Mint Candy,3.62,$3.62,$2.41/oz
"(2 pack) Breath Savers Spearmint Flavored Sugar Free Breath Mints, Tin 1.27 oz",Mint Candy,7.24,$7.24,$2.85/oz
"Hu Salty Dark Chocolate Bar, 2.1 Ounce Bar, 1 Count",Candy Bars & Miniatures,4.48,$4.48,$2.13/oz
"(2 pack) Hu Salty Dark Chocolate Bar, 2.1 Ounce Bar, 1 Count",Candy Bars & Miniatures,8.96,$8.96,$2.13/oz
"Ice Breakers Flavor Shifters Wintergreen to Coolmint Flavored Sugar Free Chewing Gum, Bottle 3.24 oz, 40 Pieces",Chewing Gum,4.68,$4.68,11.7 ¢/count
"Lily's Semi-Sweet Baking Bar, 4 oz",Solid Baking Chocolate,5.48,$5.48,$1.37/oz
Unreal Dark Chocolate Peanut Butter Cups 4.2 oz,Chocolate Candy,6.26,$6.26,$1.49/oz
"Smarties Valentine Candy Rolls Friendship Exchange Box, Allergen Free",Hard Candy,3.94,$3.94,35.8 ¢/oz
"Great Value Unsweetened Chocolate Baking Bar, 4 oz",Candy Bars & Miniatures,3.12,$3.12,78.0 ¢/oz
"Peanuts Conversation Hearts Box, Gluten Free, Assorted Candy Flavors, 0.88oz",Chocolate Candy,0.5,$0.50,56.8 ¢/oz
Altoids Peppermint Breath Mint Tins - 3.52 oz (Pack of 2),Mint Candy,6.22,$6.22,$1.77/oz
"Peanuts Conversation Hearts Valentine Candy, 10oz Bag  Gluten Free, Great for Gift Bags",Hard Candy,3.28,$3.28,32.8 ¢/oz
"SOUR PATCH KIDS Soft & Chewy Candy, 3.5 oz",Sour Candy,1,$1.00,28.6 ¢/oz
"SWEDISH FISH Soft & Chewy Candy, 3.1 oz",Chewy Candy,1,$1.00,32.3 ¢/oz
"Reese's Milk Chocolate Peanut Butter Cup Snack Size Bar 12-Pack, 6.6 oz",Chocolate Candy,3.16,$3.16,47.9 ¢/oz
"Snickers, M&M's & Twix Fun Size Chocolate Candy Variety Pack, Sharing Size - 8.85 oz Bag",Chocolate & Candy Assortments,5.97,$5.97,67.5 ¢/oz
"Snickers, Twix & More Minis Chocolate Candy Bars Variety Pack - 8.31 oz Bag",Chocolate & Candy Assortments,5.97,$5.97,71.8 ¢/oz
"SOUR PATCH KIDS Watermelon Soft & Chewy Candy, 3.5 oz",Sour Candy,1,$1.00,28.6 ¢/oz
"Hershey's Milk Chocolate Snack Size Candy, Bars .45 oz, 12 Count",Candy Bars & Miniatures,3.16,$3.16,58.5 ¢/oz
"NERDS Juicy Gummy Clusters, Strawberry Punch, Juicy and Gummy Candy, for Snacking and Sharing, 7.15 oz Stand Up Bag",Gummy Candy,3.97,$3.97,55.5 ¢/oz
"Mike and Ike Original Fruits Candy, 4.25 Ounce Theater Box, 1 Count",Fruit Flavored Candy,1,$1.00,23.5 ¢/oz
(2 pack) M&M's Peanut Milk Chocolate Candy Theater Box - 3.1 oz Box,Chocolate Candy,2.96,$2.96,47.7 ¢/oz
"SOUR PATCH KIDS Fruits Mix Soft & Chewy Candy, Share Size, 11.03 oz",Sour Candy,4.84,$4.84,43.9 ¢/oz
"SOUR PATCH KIDS Soft & Chewy Valentines Day Candy Hearts, 10 oz",Chewy Candy,3.97,$3.97,39.7 ¢/oz
"Reese's Pieces Peanut Butter in a Crunchy Shell Candy, Box 4 oz",Chocolate Candy,1.06,$1.06,26.5 ¢/oz
"Charms Candy Carnival Assorted Bag Candy, 80 oz",Fruit Flavored Candy,19.47,$19.47,24.3 ¢/oz
"Starburst Favereds Fruit Chews Chewy Candy, Sharing Size - 15.6 oz Bag",Gummy Candy,4.31,$4.31,27.6 ¢/oz
"Starburst Favereds Minis Fruit Chewy Candy Grab N Go, 8 oz Bag",Chewy Candy,2.88,$2.88,36.0 ¢/oz
"Jolly Rancher Assorted Fruit Flavored Hard Candy, Resealable Bag 14 oz",Hard Candy,5.22,$5.22,37.3 ¢/oz
"Spree Freeze Dried Candy, Fruity Flavored, 4.0 oz Bag",Fruit Flavored Candy,5.97,$5.97,$1.49/oz
"HARIBO Goldbears Gummy Bears Original Assorted Fruit Flavor Candy Gummies, 8 oz, Share Size Bag",Gummy Candy,2.33,$2.33,29.1 ¢/oz
"Whoppers Malted Milk Balls Candy, Carton 12 oz",Chocolate Candy,3.72,$3.72,31.0 ¢/oz
"SOUR PATCH KIDS Soft & Chewy Valentines Day Candy Hearts, 3.1 oz",Sour Candy,1.24,$1.24,40.0 ¢/oz
"Airheads Xtremes Belts Chewy Candy, Rainbow Berry Fruit Flavor Artificially Flavored, 4.5 Ounces",Sour Candy,2.08,$2.08,46.2 ¢/oz
"Airheads Candy Variety Bag, Individually Wrapped Assorted Fruit Sour Mini Bars, Nut Free, 10 oz",Chewy Candy,3.54,$3.54,35.4 ¢/oz
"Milk Duds Chocolate and Caramel Candy, Box 5 oz",Chocolate Candy,1.06,$1.06,21.2 ¢/oz
"Whoppers Malted Milk Balls Candy, Box 5 oz",Chocolate Candy,1.06,$1.06,21.2 ¢/oz
"NERDS Gummy Clusters, Candy, Very Berry, Crunchy and Gummy, 8 oz Bag",Gummy Candy,4.17,$4.17,52.1 ¢/oz
"(3 pack) Charms Candy Carnival Assorted Bag Candy, 80 oz",Chocolate & Candy Assortments,58.41,$58.41,24.3 ¢/oz
"NERDS Gummy Clusters, Candy, Rainbow, Crunchy and Gummy, 8 oz Bag",Gummy Candy,3.97,$3.97,49.6 ¢/oz
"Skittles & Starburst Fun Size Chewy Candy Variety Bag , Family Size - 14.24 oz Bulk Bag",Fruit Flavored Candy,7.96,$7.96,55.9 ¢/oz
"Hot Tamales Fierce Cinnamon Chewy Candy, 4.25 Ounce Theater Box",Chewy Candy,1,$1.00,23.5 ¢/oz
"Hershey's Kisses Chocolate Dipped Strawberry Flavored, Valentine's Candy Bag, 9 oz",Fruit Flavored Candy,4.97,$4.97,55.2 ¢/oz
"SweeTARTS Ropes, Candy, Watermelon Berry Collision, Soft and Chewy, 9 oz Bag",Chewy Candy,4.17,$4.17,46.3 ¢/oz
"Great Value Peach Rings Chewy Candy, 6 oz",Fruit Flavored Candy,1.48,$1.48,24.7 ¢/oz
M&M's Peanut Milk Chocolate Candy Theater Box - 3.1 oz Box,Chocolate Candy,1.48,$1.48,47.7 ¢/oz
"Great Value Gummy Sharks Candy, 3.25 oz",Gummy Candy,0.88,$0.88,27.1 ¢/oz
Snickers Fun Size Chocolate Candy Bars - 10.59 oz Bag,Candy Bars & Miniatures,5.97,$5.97,56.4 ¢/oz
"M&M'S Milk Chocolate Candy Movie Theater Box, 3.1 oz",Chocolate Candy,1.48,$1.48,47.7 ¢/oz
"Twizzlers Twists Strawberry Flavored Licorice Style Chewy Candy, Bag 16 oz",Chewy Candy,3.72,$3.72,23.3 ¢/oz
"Trolli Sour Brite Crawlers, Candy, Cherry-Lemon, Strawberry-Grape & Orange-Lime, Sweet and Sour, Gummy Worms, 5 oz",Gummy Candy,2.12,$2.12,42.4 ¢/oz
"Great Value Gummy Worms Chewy Candy, 8 oz",Gummy Candy,1.48,$1.48,18.5 ¢/oz
"Airheads Candy Variety Bag, Individually Wrapped Assorted Fruit Mini Bars, Nut Free, 10 oz",Chewy Candy,3.54,$3.54,35.4 ¢/oz
"Skittles Original Fruity Chewy Candy Theater Box, 3.5 oz",Chewy Candy,1.54,$1.54,44.0 ¢/oz
"Skittles & Starburst Fun Size Chewy Candy Variety Bag, Party Size - 20.13 oz Bulk Bag",Fruit Flavored Candy,9.96,$9.96,49.5 ¢/oz
"100 Grand Candy Bar, Milk Chocolate with Rich Caramel, Fun Size Individually Wrapped Candy Bars, 10 oz Bag",Candy Bars & Miniatures,5.97,$5.97,59.7 ¢/oz
"Charms Candy Carnival Assorted Bag Candy, 55.5 oz",Fruit Flavored Candy,12.97,$12.97,23.4 ¢/oz
"Great Value Gummy Bears Chewy Candy, 4 oz",Gummy Candy,0.88,$0.88,22.0 ¢/oz
"Life Savers 5 Flavors Gummy Candy, Sharing Size, 14.5 oz Bag",Gummy Candy,4.24,$4.24,29.2 ¢/oz
"Mike and Ike Mega Mix Chewy Candy, 4.25 Ounce",Chewy Candy,1,$1.00,23.5 ¢/oz
"Life Savers Hard Candy Fruit Variety Candy Bag, Sharing Size, 14.5 oz, 108 Ct",Hard Candy,4.96,$4.96,34.2 ¢/oz
"Butterfinger Fun Size Candy Bars, Crispety Crunchety Peanut-Buttery, Individually Wrapped, 10.2 oz Bag",Candy Bars & Miniatures,4.96,$4.96,48.6 ¢/oz
"Reese's Milk Chocolate King Size Peanut Butter Cups Candy, Pack 2.8 oz",Chocolate Candy,2.78,$2.78,99.3 ¢/oz
"Hershey's Nuggets Milk Chocolate with Almonds Candy, Share Pack 10.1 oz",Chocolate Candy,5.97,$5.97,59.1 ¢/oz
"Skittles Wild Berry Chewy Candy, Sharing Size, 15.6 oz Bag",Chewy Candy,4.31,$4.31,27.6 ¢/oz
"MIKE AND IKE SOUR Watermelon Chewy Candy, 4.25 ounce Theater Box, 1 count",Chewy Candy,1,$1.00,23.5 ¢/oz
"HARIBO Peaches Gummies Fruity Peach Flavor Gummy Candy, 8oz, Share Size Bag",Gummy Candy,2.33,$2.33,29.1 ¢/oz
"SOUR PATCH KIDS Watermelon Soft & Chewy Candy, 3.6 oz",Chewy Candy,1.28,$1.28,35.6 ¢/oz
"Great Value Peach Rings Chewy Candy, 4 oz",Chewy Candy,0.88,$0.88,22.0 ¢/oz
"Reese's Miniatures Milk Chocolate Peanut Butter Cups Candy, Share Pack 10.5 oz",Chocolate Candy,5.97,$5.97,56.9 ¢/oz
"JOLLY RANCHER Chewy Poppers Original Fruit Flavored Candy Bag, 12 oz",Chewy Candy,4.97,$4.97,41.4 ¢/oz
"Charleston Mini Chews Chocolate Covered Vanilla Candy, 3.5 oz",Chocolate Candy,1.06,$1.06,30.3 ¢/oz
"Kit Kat Milk Chocolate Wafer Snack Size Candy, Bars .49 oz, 12 Count",Candy Bars & Miniatures,3.16,$3.16,53.7 ¢/oz
Life Savers Gummies 5 Flavors Gummy Candy - 4.6 oz Bag,Gummy Candy,1.97,$1.97,42.8 ¢/oz
"Andes, Crme de Menthe, Mint Chocolate Candy, 8.5 oz. Gluten Free & Peanut Free. Contains Milk.",Candy Bars & Miniatures,4,$4.00,47.1 ¢/oz
"SOUR PATCH KIDS Soft & Chewy Candy, 3.6 oz",Chewy Candy,1.28,$1.28,35.6 ¢/oz
"Skittles Littles Original Chewy Candy, Grab N Go, 7.2 oz Resealable Bag",Chewy Candy,2.88,$2.88,40.0 ¢/oz
3 Musketeers Fun Size Chocolate Candy Bars - 10.48 oz Bag,Candy Bars & Miniatures,5.97,$5.97,57.0 ¢/oz
"Starburst Original Fruit Chews Chewy Candy, Sharing Size - 15.6 oz Bag",Chewy Candy,4.1,$4.10,26.3 ¢/oz
"Red Hots Original Cinnamon Flavored Candy, Theater Box, 5.5 oz",Hard Candy,1,$1.00,18.2 ¢/oz
"Reese's OREO Milk Chocolate and White Creme Snack Size Peanut Butter Cups Candy, Bag 8.8 oz",Chocolate Candy,5.97,$5.97,67.8 ¢/oz
"Mamba Fruit Chews Chewy Candy, 7.05oz",Chewy Candy,1.98,$1.98,28.1 ¢/oz
"Great Value Sour Gummy Worms Candy, 4 oz",Gummy Candy,0.88,$0.88,22.0 ¢/oz
"Great Value Gummy Worms Chewy Candy, 4 oz",Gummy Candy,0.88,$0.88,22.0 ¢/oz
"Hershey's Cookies 'n' Creme Snack Size Candy, Bars 0.45 oz, 12 Count",Candy Bars & Miniatures,3.16,$3.16,58.5 ¢/oz
"Cadbury Caramello Miniatures Milk Chocolate Caramel Candy, Share pack 8 oz",Candy Bars & Miniatures,5.97,$5.97,74.6 ¢/oz
"Werther's Original Caramel Hard Candies, 2.65 oz.",Hard Candy,1.28,$1.28,48.3 ¢/oz
"HARIBO Goldbears Wild Berry Gummi Candies, Thin, Pack of 1, 4 oz Peg Bag",Gummy Candy,1.22,$1.22,30.5 ¢/oz
"SOUR PATCH KIDS Soft & Chewy Candy, Share Size, 12 oz",Sour Candy,4.84,$4.84,40.3 ¢/oz
"Twix Minis Caramel and Milk Chocolate Candy Bars, Sharing Size - 9.7 oz Resealable Bag",Chocolate Candy,5.97,$5.97,61.5 ¢/oz
"Reese's Fast Break Peanut Butter Nougat Snack Size Candy, Bars 0.67 oz, 12 Count",Candy Bars & Miniatures,3.16,$3.16,39.3 ¢/oz
"HERSHEY'S Milk Chocolate Snack Size, Candy Bars, 0.45 oz (4 Count)",Candy Bars & Miniatures,1.48,$1.48,82.2 ¢/oz
"Hershey's Cookies 'n' Creme Candy, Bar 1.55 oz",Candy Bars & Miniatures,1.82,$1.82,$1.17/oz
M&M's Peanut Milk Chocolate Candy Sharing Size - 10.05 oz Bag,Chocolate Candy,3.87,$3.87,38.5 ¢/oz
"Butterfinger Fun Size Candy Bars, Crispety Crunchety Peanut-Buttery, Individually Wrapped, 12 Count Tray Pack, 7.8 oz",Candy Bars & Miniatures,2.97,$2.97,38.1 ¢/oz
"Jolly Rancher Gummies Assorted Fruit Flavored Candy, Bag 14 oz",Gummy Candy,4.97,$4.97,35.5 ¢/oz
"Reese's Sticks Chocolate and Peanut Butter Creme Wafer King Size Candy, Bar 3 oz",Chocolate Candy,2.78,$2.78,92.7 ¢/oz
Milky Way Fun Size Milk Chocolate Candy Bars - 10.65 oz Bag,Candy Bars & Miniatures,5.97,$5.97,56.1 ¢/oz
"Starburst All Pink Fruit Chews Chewy Candy, Sharing Size, 15.6 oz Bag",Gummy Candy,4.1,$4.10,26.3 ¢/oz
"Payday Peanut Caramel Snack Size Candy, Bars 0.7 oz, 12 Count",Candy Bars & Miniatures,3.16,$3.16,37.6 ¢/oz
"CRUNCH, Milk Chocolate and Crisped Rice, Fun Size Candy Bars, 10 oz",Candy Bars & Miniatures,5.97,$5.97,59.7 ¢/oz
"Skittles Original Chewy Candy Sharing Size, 15.6 oz Bag",Chewy Candy,4.31,$4.31,27.6 ¢/oz
"Almond Joy Coconut and Almond Chocolate King Size Candy, Bars 3.22 oz, 4 Pieces",Candy Bars & Miniatures,2.78,$2.78,86.3 ¢/oz
"Jolly Rancher Sour Gummies Awesome Reds Assorted Fruit Flavored Candy, Bag 13 oz",Gummy Candy,4.97,$4.97,38.2 ¢/oz
"Butterfinger Full Size Candy Bar, Crispety Crunchety Peanut-Buttery On-The-Go Sweet Treat, 1.9 oz",Candy Bars & Miniatures,1.57,$1.57,82.6 ¢/oz
"Almond Joy Coconut and Almond Chocolate Snack Size Candy, Bars 0.6 oz, 12 Count",Candy Bars & Miniatures,3.16,$3.16,43.9 ¢/oz
"SOUR PATCH KIDS Glow Ups Hearts Soft & Chewy Valentine's Day Candy, 8.4 oz",Sour Candy,3.97,$3.97,47.3 ¢/oz
"Life Savers Gummies Wild Berry Gummy Candy, Sharing Size - 14.5 oz Resealable Bag",Gummy Candy,4.44,$4.44,30.6 ¢/oz
"SweeTARTS Ropes, Candy, Twisted Rainbow Punch, Soft and Chewy, 9 oz Bag",Chewy Candy,4.17,$4.17,46.3 ¢/oz
"Mounds Coconut and Dark Chocolatey King Size Candy, Bars 3.5 oz, 4 Pieces",Chocolate Candy,2.78,$2.78,79.4 ¢/oz
"M&M's Peanut Chocolate Football Candy, Share Size - 3.27 oz Pack",Chocolate Candy,1.97,$1.97,60.2 ¢/oz
"GHIRARDELLI Milk Chocolate Candy SQUARES with Caramel Filling, 5.32 oz Bag",Chocolate Candy,7.12,$7.12,$1.34/oz
"HARIBO Goldbears Gummy Bears Original Assorted Fruit Flavor Candy Gummies, 4 oz, Share Size Bag",Gummy Candy,1.22,$1.22,30.5 ¢/oz
"KIT KAT Milk Chocolate Wafer Snack Size, Candy Bars, .49 oz (4 Count)",Candy Bars & Miniatures,1.48,$1.48,75.5 ¢/oz
"Zachary Orange Slices Jelly Candy, 32 oz. Tub",Fruit Flavored Candy,3.57,$3.57,11.2 ¢/oz
"Life Savers Gummies Collisions Gummy Candy Fruit Mix, Sharing Size - 14.5 oz Resealable Bag",Gummy Candy,4.44,$4.44,30.6 ¢/oz
"HARIBO Twin Snakes Gummies Original Sweet and Sour Assorted Fruit Flavor Gummy Candy, 8 oz, Share Size Bag",Gummy Candy,2.33,$2.33,29.1 ¢/oz
"Trolli Sour Brite Crawlers, Candy, Very Berry, Sweet and Sour, Gummy Worms, 14 oz Bag",Gummy Candy,3.97,$3.97,28.4 ¢/oz
"Hershey's Nuggets Milk Chocolate, Toffee and Almonds Candy, Share Pack 10.2 oz",Chocolate Candy,5.97,$5.97,58.5 ¢/oz
"Hot Tamales Fierce Cinnamon Chewy Candy, 28.8 ounce Stand Up Bag, 1 count",Chewy Candy,6.17,$6.17,21.4 ¢/oz
"Twix Milk Chocolate Caramel Cookie Candy Bars, Share Size - 3.02 oz Pack",Candy Bars & Miniatures,1.97,$1.97,65.2 ¢/oz
"Hershey's Milk Chocolate Candy, Bar 1.55 oz",Candy Bars & Miniatures,1.82,$1.82,$1.17/oz
"Twix Caramel Fun Size Chocolate Cookie Candy Bars, 18.28 oz Bag",Candy Bars & Miniatures,9.94,$9.94,54.4 ¢/oz
"SOUR PATCH KIDS Sour Hearts Black Raspberry Soft & Chewy Candy, Valentines Candy, 3.08 oz",Sour Candy,1.24,$1.24,40.0 ¢/oz
"Hershey's Symphony Milk Chocolate, Almonds and Toffee XL Candy, Bar 4.25 oz, 16 Pieces",Candy Bars & Miniatures,2.97,$2.97,69.9 ¢/oz
"M&M's Peanut Butter Milk Chocolate Candy, Sharing Size - 9 oz Bag",Chocolate Candy,3.87,$3.87,43.0 ¢/oz
"HARIBO Berries Original Red and Black Raspberry Gummies Fruit Flavor Crunchy and Chewy Gummy Candy, 8oz, Share Size Bag",Gummy Candy,2.33,$2.33,29.1 ¢/oz
"Kit Kat Milk Chocolate Wafer Snack Size Candy, Bag 10.78 oz",Chocolate Candy,5.97,$5.97,55.4 ¢/oz
"3 Musketeers Milk Chocolate Candy Bar, Sharing Size, 3.28 oz",Candy Bars & Miniatures,1.97,$1.97,60.1 ¢/oz
Dove Promises Milk Chocolate Candy - 7.61 oz Candy Bag,Chocolate Candy,5.73,$5.73,75.3 ¢/oz
"Airheads Candy, Chewy Full-Size Candy Bars, Assorted Flavors, Bulk Candy, 60 Count Box",Chewy Candy,10.88,$10.88,33.0 ¢/oz
"Mounds Dark Chocolate and Coconut Snack Size Candy, Bars 0.6 oz, 12 Count",Candy Bars & Miniatures,3.16,$3.16,43.9 ¢/oz
"HI-CHEW Getaway Mix Chewy Candy, 11.65oz, Bag",Chewy Candy,7.58,$7.58,65.1 ¢/oz
"Snickers NFL Football Milk Chocolate Candy Bars, Share Size - 3.29 oz (Package May Vary)",Candy Bars & Miniatures,1.97,$1.97,59.9 ¢/oz
"Butterfinger Fun Size Candy Bars, Crispety Crunchety Peanut-Buttery, Individually Wrapped, Jumbo Bag, 19.8 oz",Candy Bars & Miniatures,9.48,$9.48,47.9 ¢/oz
Mars Mixed Skittles & Starburst Variety Pack Chewy Candy Assortment -18 Bars Box,Chocolate & Candy Assortments,21.78,$21.78,58.8 ¢/oz
"Life Savers Gummies, Wild Berries Fruit Gummy Candy, 7 oz Bag",Gummy Candy,2.74,$2.74,39.1 ¢/oz
"Hershey's, Kit Kat and Reese's Assorted Milk Chocolate Candy, Variety Box 27.3 oz, 18 Count",Candy Bars & Miniatures,26.12,$26.12,95.7 ¢/oz
"Hi-Chew Tropical Mix Chewy Candy, 12.7 oz, Bag",Chewy Candy,7.24,$7.24,57.0 ¢/oz
"SweeTARTS Ropes, Candy, Cherry Punch, Soft and Chewy, 9 oz Bag",Chewy Candy,4.17,$4.17,46.3 ¢/oz
Skittles Gummies Sour Gummy Candy - 4.2 oz Bag,Gummy Candy,1.97,$1.97,46.9 ¢/oz
"Hershey's Miniatures Assorted Chocolate Candy, Party Pack 35.9 oz",Chocolate & Candy Assortments,14.84,$14.84,41.3 ¢/oz
"Mike and Ike Mega Mix SOUR! Chewy Candy, 4.25 Ounce, 1 Count",Sour Candy,1,$1.00,23.5 ¢/oz
"SOUR PATCH KIDS Cherry Soft & Chewy Candy, Share Size, 10.86 oz",Chewy Candy,4.84,$4.84,44.6 ¢/oz
"Skittles Wild Berry Chewy Candy, Share Size - 4 oz Bag",Chewy Candy,2.56,$2.56,64.0 ¢/oz
"Sour Punch Twists, Assorted Flavors Chewy Candy, 210 Pieces, 2.59 lb Jar",Sour Candy,12.97,$12.97,31.3 ¢/oz
Twix Caramel Chocolate Candy Bar Bulk Pack - 2.65 oz (Pack of 5),Chocolate Candy,1.54,$1.54,58.1 ¢/oz
"Hershey's Kisses Milk Chocolate Candy, Share Pack 10.8 oz",Chocolate Candy,6.27,$6.27,58.1 ¢/oz
"Hi-Chew Original Mix Chewy Candy, 12.7 oz., Stand up Pouch",Fruit Flavored Candy,7.24,$7.24,57.0 ¢/oz
"Kit Kat Milk Chocolate Wafer Candy, Bar 1.5 oz",Candy Bars & Miniatures,1.82,$1.82,$1.21/oz
"Reese's Minis Milk Chocolate Unwrapped Peanut Butter Cups Candy, Bag 7.6 oz",Candy Bars & Miniatures,6.27,$6.27,82.5 ¢/oz
Dove Promises Dark Chocolate Candy - 7.61 oz Bag,Chocolate Candy,5.73,$5.73,75.3 ¢/oz
"Airheads Candy, Chewy Full-Size Candy Bars, Assorted Flavors, Bulk Candy, 6 Count Box",Chewy Candy,2.08,$2.08,63.0 ¢/oz
"Hershey's Cookies 'n' Creme XL Candy, Bar 4 oz, 16 Pieces",Candy Bars & Miniatures,2.97,$2.97,74.3 ¢/oz
"York Dark Chocolate Peppermint Patties Candy, Family Pack 17.3 oz",Chocolate Candy,10.23,$10.23,59.1 ¢/oz
"Kinder Chocolate, 4 Bars, Milk Chocolate Bar with Creamy Milky Filling, Individually Wrapped Candy, 1.8 oz Total",Chocolate Candy,1.27,$1.27,70.6 ¢/oz
"Jolly Rancher Ropes Blue Raspberry and Cherry Flavored Candy, Bag 10 oz",Chewy Candy,4.62,$4.62,46.2 ¢/oz
"Kit Kat Milk Chocolate Wafer XL Candy, Bar 4.3 oz, 10 Pieces",Candy Bars & Miniatures,2.97,$2.97,69.1 ¢/oz
"REESE'S Milk Chocolate Snack Size Peanut Butter Cups Candy packs, .55 oz (4 Count)",Chocolate Candy,1.48,$1.48,67.3 ¢/oz
"Cadbury Caramello Milk Chocolate Caramel King Size Candy, Bar 2.7 oz",Candy Bars & Miniatures,2.78,$2.78,$1.03/oz
"Hi-Chew Fantasy Mix Chewy Candy, 11.65 oz, Bag",Chewy Candy,7.58,$7.58,65.1 ¢/oz
"Skittles Gummies Wild Berry Gummy Candy, Sharing Size - 12 oz Resealable Bag",Gummy Candy,4.31,$4.31,35.9 ¢/oz
"HI-CHEW Dessert Mix Chewy Candy, 11.65 oz, Stand up Pouch",Chewy Candy,6.48,$6.48,55.6 ¢/oz
Life Savers Gummies Collisions Gummy Candy Fruit Mix - 7 oz Bag,Gummy Candy,2.74,$2.74,39.1 ¢/oz
"JOLLY RANCHER Gummies Tropical Fruit Flavored Candy Bag, 13 oz",Gummy Candy,4.97,$4.97,38.2 ¢/oz
"CRUNCH Fun Size Candy Bars, Creamy Milk Chocolate with Crisped Rice, Individually Wrapped Candy, Jumbo Bag, 19 oz",Candy Bars & Miniatures,9.48,$9.48,49.9 ¢/oz
"Hershey's Kisses Strawberry Ice Cream Cone Flavored Candy, Share Pack 9 oz",Fruit Flavored Candy,5.97,$5.97,66.3 ¢/oz
"NERDS Gummy Clusters Candy, Cherry Lemonade, Crunchy and Gummy, 3 oz",Gummy Candy,1.92,$1.92,64.0 ¢/oz
"Reese's Milk Chocolate Peanut Butter Cups Candy, Packs 1.5 oz, 6 Count",Chocolate Candy,8.24,$8.24,91.6 ¢/oz
"NERDS Rope, Candy, Rainbow, Crunchy and Gummy, 0.92 oz",Chewy Candy,1.38,$1.38,$1.50/oz
"Hershey's Kisses Milk Chocolate with Almonds Candy, Share Pack 10 oz",Chocolate Candy,5.97,$5.97,59.7 ¢/oz
3 Musketeers Candy Milk Chocolate Bars Bulk - 1.92 oz,Candy Bars & Miniatures,7.88,$7.88,68.4 ¢/oz
"Milky Way Candy Milk Chocolate Bar, Share Size - 3.63 oz",Chocolate Candy,1.97,$1.97,54.3 ¢/oz
"Snickers, Twix, Milky Way & More Assorted Milk Chocolate Candy Bars - 18 Bars",Candy Bars & Miniatures,22.87,$22.87,68.7 ¢/oz
"Reese's Milk Chocolate Peanut Butter Cups Candy, Pack 1.5 oz",Chocolate Candy,1.82,$1.82,$1.21/oz
"Mike and Ike Original Fruits Chewy Candy, 28.8 ounce Stand Up Bag, 1 count",Fruit Flavored Candy,6.17,$6.17,21.4 ¢/oz
"Hershey's Nuggets Milk Chocolate Candy, Share Pack 10.2 oz",Chocolate Candy,5.97,$5.97,58.5 ¢/oz
"Hershey's Milk Chocolate with Whole Almonds Candy, Bar 1.45 oz",Candy Bars & Miniatures,1.82,$1.82,$1.26/oz
"Whatchamacallit Chocolate, Caramel and Peanut Flavored Crisps King Size Candy, Bar 2.6 oz",Candy Bars & Miniatures,2.78,$2.78,$1.07/oz
"Kit Kat Milk Chocolate Wafer King Size Candy, Bar 3 oz",Candy Bars & Miniatures,2.78,$2.78,92.7 ¢/oz
"Heath Miniatures Chocolatey English Toffee Candy, Share pack 10.2 oz",Toffee Candy,5.97,$5.97,58.5 ¢/oz
"Kinder Bueno Mini Milk Chocolate Bars with Hazelnut Filling, Chocolate Candy Bars for Game Day, Football Party Supplies, Snacks for Adults, 5.7 oz.",Candy Bars & Miniatures,5.68,$5.68,99.6 ¢/oz
"Hershey's Hugs Milk Chocolate and White Creme Candy, Share Pack 10.6 oz",Chocolate Candy,5.97,$5.97,56.3 ¢/oz
"Reese's Fast Break Chocolate, Peanut Butter and Nougat King Size Candy, Bar 3.5 oz",Candy Bars & Miniatures,2.78,$2.78,79.4 ¢/oz
"Kinder Chocolate Mini, 7.2 oz, Up to 34 Minis, Milk Chocolate Bar with Creamy Milky Filling, Individually Wrapped Candy Share Pack",Chocolate Candy,5.96,$5.96,82.8 ¢/oz
"NERDS Gummy Clusters Candy, Berry Punch Rush, Crunchy and Gummy, 3 oz",Gummy Candy,1.92,$1.92,64.0 ¢/oz
"Hershey's Milk Chocolate Candy Bars, 1.55 oz (6 Count)",Candy Bars & Miniatures,8.24,$8.24,88.6 ¢/oz
"Hershey's Mr. Goodbar Chocolate with Peanuts Snack Size Candy, Bars 0.45 oz, 12 Count",Candy Bars & Miniatures,3.16,$3.16,58.5 ¢/oz
"Cadbury Dairy Milk Fruit & Nut Milk Chocolate Candy, Bar 3.5 oz",Candy Bars & Miniatures,2.97,$2.97,84.9 ¢/oz
"Hershey's Kisses Milk Chocolate Candy, Bag 4.84 oz",Candy Bars & Miniatures,3.54,$3.54,73.1 ¢/oz
"Airheads Candy, Chewy Full-Size Candy Bars, Assorted Flavors, 9 Count Bag",Chewy Candy,2.58,$2.58,52.1 ¢/oz
"NERDS Juicy Gummy Clusters, Strawberry Punch, Juicy and Gummy Candy, for Snacking and Sharing, 4.5 oz Bag",Gummy Candy,2.76,$2.76,61.3 ¢/oz
"Hershey's Milk Chocolate XL Candy, Bar 4.4 oz, 16 Pieces",Candy Bars & Miniatures,2.97,$2.97,67.5 ¢/oz
"Nerds Rope Very Berry, Crunchy and Gummy Candy, .92 oz, Individually Wrapped",Gummy Candy,1,$1.00,$1.09/oz
"Zero White Fudge, Caramel, Peanut, Almond Nougat King Size Candy, Bar 3.4 oz",Candy Bars & Miniatures,2.78,$2.78,81.8 ¢/oz
Skittles Gummies Wild Berry Gummy Candy - 4.2 oz Bag,Gummy Candy,1.97,$1.97,46.9 ¢/oz
"Hershey's Symphony Chocolate Almond Toffee Giant Candy, Bar 7.37 oz, 25 Pieces",Candy Bars & Miniatures,4.52,$4.52,61.3 ¢/oz
"NERDS Gummy Clusters Candy, Rainbow, Crunchy and Gummy, 18.5 oz",Gummy Candy,8.47,$8.47,45.8 ¢/oz
"Reese's Sticks Chocolate and Peanut Butter Creme Wafer Candy, Bars 1.5 oz, 6 Count",Candy Bars & Miniatures,8.24,$8.24,91.6 ¢/oz
"Jolly Rancher Gummies Misfits 2-in-1 Fruit Flavored Candy, Bag 13 oz",Gummy Candy,4.97,$4.97,38.2 ¢/oz
"NERDS Gummy Clusters Candy, Rainbow, Crunchy and Gummy, 3 oz",Gummy Candy,1.92,$1.92,64.0 ¢/oz
"Cadbury Dairy Milk Caramello Milk Chocolate Caramel Candy, Bar 4 oz",Candy Bars & Miniatures,2.97,$2.97,74.3 ¢/oz
"Payday Peanut Caramel King Size Candy, Bar 3.4 oz",Candy Bars & Miniatures,2.78,$2.78,81.8 ¢/oz
"Reese's Take 5 Pretzel, Peanut and Chocolate Snack Size Candy, Bag 10.5 oz",Candy Bars & Miniatures,5.48,$5.48,52.2 ¢/oz
"Payday Chocolatey Peanut Caramel King Size Candy, Bar 3.1 oz",Candy Bars & Miniatures,2.78,$2.78,89.7 ¢/oz
M&M's Peanut Butter Milk Chocolate Candy Theater Box - 3 oz Box,Chocolate Candy,1.48,$1.48,49.3 ¢/oz
"SWEDISH FISH Mini Soft & Chewy Candy, Family Size, Bulk Candy, 1.8 lb",Chewy Candy,7.97,$7.97,27.7 ¢/oz
"Starburst Sour Fruit Chews Chewy Candy, Share Size - 2.07 oz pack",Chewy Candy,1.57,$1.57,75.8 ¢/oz
"Reese's Milk Chocolate Snack Size Peanut Butter Cups Candy, Bag 10.5 oz",Chocolate Candy,5.97,$5.97,56.9 ¢/oz
"M&M'S Milk Chocolate Candy Pouch, Sharing Size, 3.14 oz",Chocolate Candy,1.97,$1.97,62.7 ¢/oz
"Jolly Rancher Sour Gummies Awesome Reds Assorted Fruit Flavored Candy, Bag 6.5 oz",Gummy Candy,3.48,$3.48,53.5 ¢/oz
"M&M's Milk Chocolate Candy Sharing Size, 10 oz Bag",Chocolate Candy,3.87,$3.87,38.7 ¢/oz
"Milky Way Candy Midnight Dark Chocolate Bar, Share Size - 2.83 oz",Chocolate Candy,1.97,$1.97,69.6 ¢/oz
"HERSHEY'S, KIT KAT and REESE'S Assorted Flavored Candy Party Pack, 30.05 oz",Chocolate & Candy Assortments,14.84,$14.84,49.4 ¢/oz
"HARIBO Goldbears Gummy Bears Original Assorted Fruit Flavor Candy Gummies, 28.8 oz, Bulk Party Size Bag",Gummy Candy,6.96,$6.96,24.2 ¢/oz
"M&M's Peanut Milk Chocolate Candy, Family Size - 18.08 oz Bulk Bag",Chocolate Candy,9.94,$9.94,55.0 ¢/oz
"NERDS Gummy Clusters Candy, Berry Punch Rush, Crunchy and Gummy, 8 oz",Gummy Candy,3.97,$3.97,49.6 ¢/oz
"Reese's Chocolate Peanut Butter Creme Giant Candy, Bar 7.37 oz",Candy Bars & Miniatures,4.52,$4.52,61.3 ¢/oz
"Life Savers Gummies 5 Flavors Gummy Candy, Family Size - 26 oz Bag",Gummy Candy,7.48,$7.48,28.8 ¢/oz
"SweeTARTS Gummy Halos, Candy, Blue Punch and Strawberries and Cream, Tart and Chewy, Soft and Fluffy, 3.5 oz",Gummy Candy,2.14,$2.14,61.1 ¢/oz
"Hershey's Milk Chocolate with Almonds Snack Size Candy, Bars 0.45 oz, 12 Count",Candy Bars & Miniatures,3.16,$3.16,58.5 ¢/oz
Skittles Gummies Wild Berry Gummy Candy - 5.8 oz Bag,Gummy Candy,2.88,$2.88,49.7 ¢/oz
"SWEDISH FISH Mini Glow Ups Strawberry-Watermelon Soft & Chewy Candy, 6.7 oz",Chewy Candy,2.94,$2.94,43.9 ¢/oz
"Whatchamacallit Chocolate, Caramel and Peanut Flavored Crisps Candy, Bars 1.6 oz, 6 Count",Candy Bars & Miniatures,8.24,$8.24,85.8 ¢/oz
Dove Promises Milk Chocolate & Caramel Candy - 6.74 oz Bag,Chocolate Candy,5.73,$5.73,85.0 ¢/oz
"Skittles Gummies Original Gummy Candy, Sharing Size - 12 oz Bag",Gummy Candy,4.31,$4.31,35.9 ¢/oz
"Snickers Fun Size Football Chocolate Bars Variety Pack, Party Size - 24.02 oz Candy Bag",Candy Bars & Miniatures,9.96,$9.96,41.2 ¢/oz
"M&M's Milk Chocolate Candy Fun Size Variety Pack, Party Size - 19.41 oz Bulk Bag",Chocolate Candy,9.96,$9.96,51.3 ¢/oz
Snickers Full Size Chocolate Candy Bars - 11.16 oz (6 Pack),Candy Bars & Miniatures,7.88,$7.88,70.6 ¢/oz
"Kit Kat Milk Chocolate Wafer Snack Size Candy, Bag 10.78 oz",Candy Bars & Miniatures,5.97,$5.97,55.4 ¢/oz
"SWEDISH FISH Soft & Chewy Candy, 8 oz",Chewy Candy,2.94,$2.94,36.8 ¢/oz
"Twix Caramel Minis Size Chocolate Cookie Bar Candy Bag, 35.6 oz/95ct",Candy Bars & Miniatures,14.82,$14.82,41.6 ¢/oz
"Skittles Sour Candy Gummies Soft Chewy Gummy Candies, Sharing Size - 12 oz Bag",Chewy Candy,4.31,$4.31,35.9 ¢/oz
Skittles & Starburst Fun Size Chewy Candy Variety Bag - 32.28 oz Jumbo Pack,Fruit Flavored Candy,14.96,$14.96,46.3 ¢/oz
"Reese's Big Cup Milk Chocolate King Size Peanut Butter Cups Candy, Pack 2.8 oz",Chocolate Candy,2.78,$2.78,99.3 ¢/oz
"Reese's Miniatures Milk Chocolate Peanut Butter Cups Candy, Family Pack 17.6 oz",Chocolate Candy,10.23,$10.23,58.1 ¢/oz
"Hershey's Cookies 'n' Creme Giant Candy, Bars 7.37 oz, 25 Pieces",Candy Bars & Miniatures,4.52,$4.52,61.3 ¢/oz
Dove Promises Dark Chocolate & Almond Candy - 6.74 oz Bag,Chocolate Candy,5.73,$5.73,85.0 ¢/oz
"Great Value Gummy Bears Chewy Candy, 9 oz Bag",Gummy Candy,1.48,$1.48,16.4 ¢/oz
"Reese's Chocolate Peanut Butter Creme XL Candy, Bar 4.25 oz",Candy Bars & Miniatures,2.97,$2.97,69.9 ¢/oz
"HARIBO Gummy Candy, Starmix Gummies, 8 oz, Large Share Bag",Gummy Candy,2.33,$2.33,29.1 ¢/oz
"Skittles Original Chewy Candy, Family Size, 27.5 oz Bag",Chewy Candy,8,$8.00,29.1 ¢/oz
"Trolli Sour Electric Crawlers Gummy Candy, Sour Gummy Worms, 4.25 Ounce Bag",Sour Candy,2.12,$2.12,49.9 ¢/oz
"GHIRARDELLI Milk Chocolate Candy SQUARES Assortment, 4.8 oz Bag",Chocolate Candy,7.12,$7.12,$1.48/oz
"Lemonhead Ropes, Candy, Lemon, Tart and Citrusy, Soft and Chewy, 9 oz Bag",Chewy Candy,3.48,$3.48,38.7 ¢/oz
"Reese's OREO Milk Chocolate and White Creme King Size Peanut Butter Cups Candy, pack 2.8 oz",Chocolate Candy,2.78,$2.78,99.3 ¢/oz
"(2 pack) Airheads Candy, Chewy Full-Size Candy Bars, Assorted Flavors, 9 Count Bag",Chewy Candy,5.16,$5.16,52.1 ¢/oz
"M&M's, Snickers & Milky Way Fun Size Chocolate Candy Variety pack - Bulk Bag",Chocolate & Candy Assortments,14.96,$14.96,49.7 ¢/oz
"Reese's Pieces Peanut Butter in a Crunchy Shell Candy Bag, 9 oz",Chocolate Candy,6.27,$6.27,69.7 ¢/oz
"Snickers NFL Football Chocolate Candy Bar, Full Size - 1.86 oz Bar (Packaging May Vary)",Candy Bars & Miniatures,1.22,$1.22,65.6 ¢/oz
Dove Promises Dark Chocolate & Sea Salted Caramel Candy - 6.74 oz Bag,Chocolate Candy,5.73,$5.73,85.0 ¢/oz
Dove Promises Milk Chocolate Candy - 14.08 oz Bag,Chocolate Candy,9.72,$9.72,69.0 ¢/oz
M&M's Fun Size Milk Chocolate Candy - 10.53 oz Bag,Chocolate Candy,5.97,$5.97,56.7 ¢/oz
Baby Ruth Fun Size Peanut Chocolate Candy Bars,Candy Bars & Miniatures,9.48,$9.48,47.9 ¢/oz
M&M's Minis Milk Chocolate Candy - 1.77 oz Mega Tube (Packaging May Vary),Chocolate Candy,1.97,$1.97,$1.11/oz
"Hershey's Nuggets Milk Chocolate, Toffee and Almonds Candy, Family Pack 15.5 oz",Candy Bars & Miniatures,10.23,$10.23,66.0 ¢/oz
"NERDS Gummy Clusters Candy, Cherry Lemonade, Crunchy and Gummy, 8 oz",Gummy Candy,4.17,$4.17,52.1 ¢/oz
"Tootsie Roll, Midgees Chocolate Candy, 43.1 oz (400 Pieces), Peanut Free, Gluten Free, Contains Milk and Soy.",Chocolate Candy,8.34,$8.34,19.4 ¢/oz
"Almond Joy Miniatures Coconut and Almond Chocolate Candy, Share Pack 10.2 oz",Candy Bars & Miniatures,5.97,$5.97,58.5 ¢/oz
"Twix Caramel Cookie Milk Chocolate Candy Bars, Full Size - 1.79 oz Pack",Candy Bars & Miniatures,1.22,$1.22,68.2 ¢/oz
"Hershey's Kisses Milk Chocolate Candy, Party Pack 35.8 oz",Chocolate Candy,15.58,$15.58,43.5 ¢/oz
"Cadbury Dairy Milk Milk Chocolate Candy, Bar 3.5 oz",Candy Bars & Miniatures,2.97,$2.97,84.9 ¢/oz
"M&M'S Caramel Cold Brew Chocolate Candy, Sharing Size - 9.05 oz Bag",Chocolate Candy,3.87,$3.87,42.8 ¢/oz
"Reese's OREO Miniatures Milk Chocolate and White Creme Peanut Butter Cups Candy, Share Pack 9 oz",Chocolate Candy,5.97,$5.97,66.3 ¢/oz
"Snickers Original Mini Football Chocolate Bars, Sharing Size - 9.7 oz Candy Bag (Packaging May Vary)",Chocolate Candy,5.97,$5.97,61.5 ¢/oz
"Reese's Milk Chocolate Snack Size Peanut Butter Cups Candy, Jumbo Pack 18 oz",Chocolate Candy,9.74,$9.74,54.1 ¢/oz
"Hershey's Milk Chocolate with Whole Almonds Candy, Bars 1.45 oz, 6 Count",Chocolate Candy,8.24,$8.24,94.7 ¢/oz
"Skittles Original Chewy Candy, Share Size, 4 oz, Bag",Chewy Candy,2.56,$2.56,64.0 ¢/oz
"Reese's Miniatures Milk Chocolate Peanut Butter Cups Candy, Party Pack 35.6 oz",Chocolate Candy,14.84,$14.84,41.7 ¢/oz
"HARIBO Twin Snakes Gummies Original Sweet and Sour Assorted Fruit Flavor Gummy Candy, 28.8 oz, Bulk Party Size Bag",Gummy Candy,6.63,$6.63,23.0 ¢/oz
"Trolli Sour Brite Squad Gummy Candy, Sour Gummy Worms, Resealable Bag, 12.3 oz",Gummy Candy,3.97,$3.97,32.3 ¢/oz
M&M's Peanut Butter Milk Chocolate Candy Family Size - 17.2 oz Bag,Chocolate Candy,9.94,$9.94,57.8 ¢/oz
"Hershey's Milk Chocolate Snack Size Candy, Bag 10.35 oz",Chocolate Candy,5.97,$5.97,57.7 ¢/oz
"Hershey's Mr. Goodbar Chocolate with Peanuts Full Size Candy, Bar 1.75 oz",Chocolate Candy,1.82,$1.82,$1.04/oz
"Zero White Fudge, Caramel, Peanut and Almond Nougat Candy, Bars 1.85 oz, 6 Count",Candy Bars & Miniatures,8.24,$8.24,74.2 ¢/oz
"NERDS Gummy Clusters Candy, Very Berry, Crunchy and Gummy, 18.5 oz",Gummy Candy,8.88,$8.88,48.0 ¢/oz
"SmartSweets Sweet Fish Gummy Candy, 3.5 oz Pouch",Gummy Candy,5.57,$5.57,$1.59/oz
"Rolo Rich Chocolate Caramels Candy, Family Pack 17.8 oz",Chocolate Candy,10.23,$10.23,57.5 ¢/oz
"SweeTARTS Soft & Chewy Ropes Candy, Tangy Strawberry Flavor, 9 Ounce Bag",Chewy Candy,4.17,$4.17,46.3 ¢/oz
"Payday Chocolatey Peanut Caramel Snack Size Candy, Bag 9.12 oz",Chocolate Candy,5.97,$5.97,65.5 ¢/oz
"Kit Kat Minis Unwrapped Milk Chocolate Wafer Candy, Bag 7.6 oz",Candy Bars & Miniatures,5.23,$5.23,68.8 ¢/oz
"Hershey's Cookies 'n' Creme Candy, Bars 1.55 oz, 6 Count",Candy Bars & Miniatures,8.24,$8.24,88.6 ¢/oz
"Lindt Classic Recipe Hazelnut Milk Chocolate Candy Bar, 4.4 oz, Bar",Candy Bars & Miniatures,5.78,$5.78,$1.31/oz
"NERDS Gummy Clusters Candy, Very Berry, Crunchy and Gummy, 5 oz",Gummy Candy,2.76,$2.76,55.2 ¢/oz
"Cadbury Dairy Milk Roast Almond Milk Chocolate Candy, Bar 3.5 oz",Candy Bars & Miniatures,2.97,$2.97,84.9 ¢/oz
M&M's Variety Pack Full Size Milk Chocolate Candy Bars - 18 Ct,Chocolate Candy,22.87,$22.87,74.8 ¢/oz
"Hershey's Milk Chocolate Candy, Almonds and Salted Pretzels Bark Bag, 6 oz",Chocolate Candy,6.27,$6.27,$1.05/oz
"Hershey's Nuggets Assorted Chocolate Candy, Party Pack 31.5 oz",Chocolate Candy,14.84,$14.84,47.1 ¢/oz
"Kit Kat Vanilla Flavored Wafer King Size Candy, Bar 3 oz",Candy Bars & Miniatures,2.78,$2.78,92.7 ¢/oz
"NERDS Gummy Clusters Candy, Rainbow, Crunchy and Gummy, 5 oz",Gummy Candy,2.76,$2.76,55.2 ¢/oz
Starburst Original Fruit Chewy Candy Family Size 27.5 Ounce Resealable Bag,Chewy Candy,7.48,$7.48,27.2 ¢/oz
"Milky Way Minis Chocolate Bars, Sharing Size - 9.7 oz Candy Bag",Candy Bars & Miniatures,5.97,$5.97,61.5 ¢/oz
"Reese's Big Cup Chocolate Lava Milk Chocolate King Size Peanut Butter Cups Candy, Pack 2.8 oz",Chocolate Candy,2.78,$2.78,99.3 ¢/oz
"Hershey's Kisses Birthday Cake Flavored Candy, Share Pack 10 oz",Chocolate Candy,5.97,$5.97,59.7 ¢/oz
"NERDS Gummy Clusters Candy, Very Berry, Crunchy and Gummy, 3 oz",Gummy Candy,1.92,$1.92,64.0 ¢/oz
"Almond Joy Coconut and Almond Chocolate Snack Size Candy, Bag 10.8 oz",Chocolate Candy,5.97,$5.97,55.3 ¢/oz
"KIT KAT Vanilla Flavored Wafer Snack Size Candy Bars, .49 oz (12 Count)",Chocolate Candy,3.16,$3.16,53.7 ¢/oz
"Snickers Almond Candy Milk Chocolate Bar, Share Size - 3.23 oz",Candy Bars & Miniatures,1.97,$1.97,61.0 ¢/oz
"Reese's Big Cup Milk Chocolate Peanut Butter Cups Candy, Packs 1.4 oz, 6 Count",Candy Bars & Miniatures,8.24,$8.24,98.1 ¢/oz
"Almond Joy Coconut and Almond Chocolate Snack Size Candy, Jumbo Pack 18 oz",Candy Bars & Miniatures,9.74,$9.74,54.1 ¢/oz
"Hershey's Nuggets Milk Chocolate Candy, Family Pack 15.8 oz",Chocolate Candy,10.23,$10.23,64.7 ¢/oz
"Lindt Excellence Intense Orange Dark Chocolate Candy Bar, 3.5 oz, Bar",Candy Bars & Miniatures,5.78,$5.78,$1.65/oz
"(2 pack) Starburst Favereds Minis Fruit Chewy Candy Grab N Go, 8 oz Bag",Chewy Candy,5.76,$5.76,36.0 ¢/oz
M&M's Honey Roasted Peanut Chocolate Candy - 9.0 oz Resealable Bag,Chocolate Candy,5.48,$5.48,60.9 ¢/oz
"M&M's Peanut Chocolate Movie Night Candy, Party Size, 38 oz Bulk Bag",Chocolate Candy,13.96,$13.96,36.7 ¢/oz
"Reese's Big Cup Caramel Milk Chocolate King Size Peanut Butter Cups Candy, Pack 2.8 oz",Chocolate Candy,2.78,$2.78,99.3 ¢/oz
"Twizzlers Filled Twists Tropical Blast Fruit Flavored Licorice Style Candy, Bag 11 oz",Licorice Candy,4.62,$4.62,42.0 ¢/oz
"M&M's Classic Mix Chocolate Candy, Sharing Size - 8.3 oz Bag",Chocolate Candy,3.87,$3.87,46.6 ¢/oz
"Hershey's Milk Chocolate Giant Candy, Bar 7.56 oz, 25 Pieces",Chocolate Candy,4.52,$4.52,59.8 ¢/oz
"Sweet's Chocolate Cinnamon Bears Candies, 14 Oz.",Gummy Candy,5.14,$5.14,36.7 ¢/oz
"M&M's Peanut Butter Milk Chocolate Candy, Share Size - 2.83 oz Bag",Chocolate Candy,1.97,$1.97,69.6 ¢/oz
Snickers Minis Size Chocolate Candy Bar Bulk Assortment - 35.6 oz Bag,Candy Bars & Miniatures,14.82,$14.82,41.6 ¢/oz
"(6 pack) Cadbury Caramello Milk Chocolate Caramel King Size Candy, Bar 2.7 oz",Candy Bars & Miniatures,16.68,$16.68,$1.03/oz
"Reese's Thins Dark Chocolate Peanut Butter Cups Candy, Family Pack 12.03 oz",Candy Bars & Miniatures,10.23,$10.23,85.0 ¢/oz
"M&M's Peanut Milk Chocolate Candy, Full Size - 1.74 oz Pouch",Chocolate Candy,1.57,$1.57,90.2 ¢/oz
"Reese's Milk Chocolate Snack Size Peanut Butter Cups Candy, Bag 33 oz, 60 Pieces",Chocolate Candy,14.84,$14.84,45.0 ¢/oz
"De La Rosa Mazapan Style Mexican Peanut Candy, 12 Count",Nut Cluster Candy,3.12,$3.12,26.4 ¢/oz
"Payday Peanut Caramel Candy, Bars 1.85 oz, 6 Count",Candy Bars & Miniatures,8.24,$8.24,74.2 ¢/oz
"Lemonhead Freeze Dried Candy, Lemon Flavored, Recloseable Bag 4.0 oz Bag",Fruit Flavored Candy,5.97,$5.97,$1.49/oz
"Hershey's Milk Chocolate King Size Candy, Bar 2.6 oz",Candy Bars & Miniatures,2.78,$2.78,$1.07/oz
"Shaq-A-Licious Xl Gummies Assorted Flavored Sour Chewy Candy, Bag 11.8 oz",Chewy Candy,4.97,$4.97,42.1 ¢/oz
"Hershey's Kisses Milk Chocolate Candy, Family Pack 17.9 oz",Chocolate Candy,10.23,$10.23,57.2 ¢/oz
"Payday Peanut Caramel Snack Size Candy, Bag 33 oz",Candy Bars & Miniatures,14.84,$14.84,45.0 ¢/oz
"Lindt Classic Recipe Milk Chocolate Candy Bar, 4.4 oz, Bar",Candy Bars & Miniatures,5.78,$5.78,$1.31/oz
"Hershey's Milk Chocolate with Almonds XL Candy, Bar 4.25 oz, 16 Pieces",Candy Bars & Miniatures,2.97,$2.97,69.9 ¢/oz
"Reese's Miniatures Assorted Flavored Peanut Butter Cups Candy, Party Pack 32.1 oz",Chocolate & Candy Assortments,14.84,$14.84,46.2 ¢/oz
"Hershey's Symphony Milk Chocolate XL Candy, Bar 4.25 oz, 16 Pieces",Candy Bars & Miniatures,2.97,$2.97,69.9 ¢/oz
"M&M's Mega Peanut Butter Chocolate Candy, Sharing Size- 8.6 oz Bag",Chocolate Candy,5.48,$5.48,63.7 ¢/oz
"Great Value Gummy Bears Candy, 52 oz Bag",Gummy Candy,8.48,$8.48,16.3 ¢/oz
"HARIBO Goldbears Gummy Bears Original Assorted Fruit Flavor Candy Gummies, 3lb, Bulk Party Size Bag",Gummy Candy,11.38,$11.38,23.7 ¢/oz
"(3 pack) SOUR PATCH KIDS Soft & Chewy Candy, 3.5 oz",Chewy Candy,3,$3.00,28.6 ¢/oz
"M&M's Peanut Butter Chocolate Movie Night Candy, Party Size, 34 oz Bulk Bag",Chocolate Candy,13.96,$13.96,41.1 ¢/oz
"Lindt Classic Recipe White Chocolate Candy Bar, 4.4 oz, Bar",Candy Bars & Miniatures,5.78,$5.78,$1.31/oz
Dove Promises Dark Chocolate Candy - 14.08 oz Large Bag,Chocolate Candy,9.72,$9.72,69.0 ¢/oz
"Reese's Pieces Peanut Butter in a Crunchy Shell Candy, Bag 4.8 oz",Chocolate Candy,3.54,$3.54,73.8 ¢/oz
"M&M's Minis Peanut Butter Milk Chocolate Candy, Sharing Size - 8.6 oz. Bag",Chocolate Candy,5.48,$5.48,63.7 ¢/oz
"Kit Kat Milk Chocolate Wafer Snack Size Candy, Bag 32.34 oz, 66 Pieces",Candy Bars & Miniatures,14.84,$14.84,45.9 ¢/oz
Starburst FaveREDs Fruit Chews Chewy Candy Party Size 50 Ounce Resealable Bag,Chewy Candy,11.92,$11.92,23.8 ¢/oz
"Reese's Chocolate Lava Milk Chocolate Snack Size Peanut Butter Cups Candy, Packs .55 oz, 12 Count",Chocolate Candy,3.16,$3.16,47.9 ¢/oz
"M&M's Milk Chocolate Movie Night Candy, Party Size, 38 oz Bulk Bag",Chocolate Candy,13.96,$13.96,36.7 ¢/oz
"Milky Way Milk Chocolate Candy Bars Bulk Pack - 1.84 oz, (Pack of 6)",Candy Bars & Miniatures,7.88,$7.88,71.4 ¢/oz
"RUSSELL STOVER Sugar Free Caramel Chocolate Candy Tiles, 5 oz. bag",Chocolate Candy,4.96,$4.96,99.2 ¢/oz
M&M's Fun Size Peanut Milk Chocolate Candy - 10.57 oz Bag,Chocolate Candy,5.97,$5.97,56.5 ¢/oz
"(10 pack) NERDS Gummy Clusters Candy, Rainbow, Crunchy and Gummy, 18.5 oz",Gummy Candy,84.7,$84.70,45.8 ¢/oz
M&M's Milk Chocolate Candy Family Size - 18 oz Bag,Chocolate Candy,9.94,$9.94,55.2 ¢/oz
"Reese's Pieces Milk Chocolate Candy with Peanuts Bark Bag, 6 oz",Chocolate Candy,6.27,$6.27,$1.05/oz
"Hershey's Drops Milk Chocolate Candy, Family Pack 14 oz",Chocolate Candy,9.78,$9.78,69.9 ¢/oz
"Reese's Take 5 Pretzel, Peanut and Chocolate Snack Size Candy, Jumbo Pack 18 oz",Candy Bars & Miniatures,9.74,$9.74,54.1 ¢/oz
"Lindt Excellence Dark Chocolate, 85% Cocoa, Candy Bar, 3.5 oz, Bar",Candy Bars & Miniatures,5.78,$5.78,$1.65/oz
"Kinder Chocolate, 20 Bars, Milk Chocolate Bar with Creamy Milky Filling, Individually Wrapped Candy, 8.8 oz Bag",Chocolate Candy,5.97,$5.97,67.8 ¢/oz
M&M's Almond Milk Chocolate Candy Family Size - 15 oz Bag,Chocolate Candy,9.94,$9.94,66.3 ¢/oz
"Hershey's Special Dark Mildly Sweet Chocolate XL Candy, Bar 4.25 oz, 16 Pieces",Candy Bars & Miniatures,2.97,$2.97,69.9 ¢/oz
"Hershey's Special Dark Mildly Sweet Chocolate Giant Candy, Bar 7.56 oz, 25 Pieces",Candy Bars & Miniatures,4.52,$4.52,59.8 ¢/oz
"Lindt CLASSIC RECIPE OatMilk Non-Dairy Chocolate Candy Bar, 3.5 oz, Bar",Candy Bars & Miniatures,5.78,$5.78,$1.65/oz
"Rolo Rich Chocolate Caramels Candy, Party Pack 35.6 oz",Chocolate Candy,14.84,$14.84,41.7 ¢/oz
"Kit Kat Milk Chocolate Wafer Candy, Bars 1.5 oz, 6 Count",Candy Bars & Miniatures,8.24,$8.24,91.6 ¢/oz
"Butterfinger Full Size Candy Bar, 6 Count, Crispety Crunchety Peanut-Buttery On-The-Go Sweet Treat, 1.9 oz Each",Candy Bars & Miniatures,7.84,$7.84,68.8 ¢/oz
Dove Promises Dark Chocolate & Peanut Butter Candy - 6.74 oz Bag,Chocolate Covered Nuts,5.73,$5.73,85.0 ¢/oz
"SOUR PATCH KIDS and SWEDISH FISH Mini Soft & Chewy Candy Variety Pack, Bulk Candy, 18 - 2 oz Bags",Chewy Candy,22.48,$22.48,62.4 ¢/oz
"GHIRARDELLI Caramel Milk Chocolate Candy SQUARES Bar, 4.8 oz Bar",Chocolate Candy,5.78,$5.78,$1.20/oz
"(2 pack) NERDS Gummy Clusters Candy, Very Berry, Crunchy and Gummy, 5 oz",Gummy Candy,5.52,$5.52,55.2 ¢/oz
"(2 pack) Snickers Trees Christmas Candy Chocolate Bars, Share Size - 2.2 oz pack",Chocolate Candy,1.26,$1.26,28.6 ¢/oz
"Hershey's Kisses Rainbow Brownie Flavored Candy, Share Pack 9 oz",Chocolate Candy,5.97,$5.97,66.3 ¢/oz
"Hershey Assorted Chocolate Flavored Snack Size Candy, Jumbo Pack 15.57 oz",Chocolate & Candy Assortments,9.74,$9.74,62.6 ¢/oz
"Hershey Assorted Caramel Flavored Snack Size Candy, Party Pack 28.87 oz",Chocolate Candy,14.84,$14.84,51.4 ¢/oz
"Hershey's Mr. Goodbar Chocolate with Peanuts Giant Candy, Bar 7.13 oz, 25 Pieces",Candy Bars & Miniatures,4.52,$4.52,63.4 ¢/oz
"Hershey's Nuggets SPECIAL DARK Mildly Sweet Chocolate Candy, Share pack 10.2 oz",Chocolate Candy,5.97,$5.97,58.5 ¢/oz
Starburst Original Fruit Chewy Candy Party Size 50 Ounce Resealable Bag,Chewy Candy,11.92,$11.92,23.8 ¢/oz
"Hershey's Milk Chocolate with Almonds Giant Candy, Bar 7.37 oz, 25 Pieces",Candy Bars & Miniatures,4.52,$4.52,61.3 ¢/oz
"RUSSELL STOVER Sugar Free Strawberry Flavored Crme Chocolate Candy, 5 oz. bag",Chocolate Candy,5.22,$5.22,$1.04/oz
"Hershey's Nuggets Milk Chocolate with Almonds Candy, Family Pack 15.5 oz",Chocolate Candy,10.23,$10.23,66.0 ¢/oz
"(2 pack) Lindt Classic Recipe Milk Chocolate Candy Bar, 4.4 oz, Bar",Candy Bars & Miniatures,11.56,$11.56,$1.31/oz
"M&M's MINIS Milk Chocolate Candy, Family Size, 16.9 oz Bag",Chocolate Candy,9.94,$9.94,58.8 ¢/oz
"M&M's Pretzel Milk Chocolate Candy, Family Size - 14.4 oz Bag",Chocolate Candy,9.94,$9.94,69.0 ¢/oz
"M&M's Peanut Dark Chocolate Candy, Sharing Size - 9.4 oz Bag",Chocolate Candy,5.48,$5.48,58.3 ¢/oz
"HARIBO Goldbears Gummy Bears, Wild Berry Candy Gummies, Large Bag, 28 oz",Gummy Candy,6.96,$6.96,24.2 ¢/oz
"Hershey's Mr. Goodbar Chocolate with Peanuts Candy, Bars 1.75 oz, 6 Count",Candy Bars & Miniatures,8.24,$8.24,78.5 ¢/oz
"Reese's Pieces Peanut Butter in a Crunchy Shell Candy, Party Pack 35.7 oz",Chocolate Candy,14.84,$14.84,41.6 ¢/oz
"M&M's Caramel Milk Chocolate Candy, Family Size- 17.24 oz Bag",Chocolate Candy,9.94,$9.94,57.7 ¢/oz
"(2 pack) Lindt Classic Recipe White Chocolate Candy Bar, 4.4 oz, Bar",Candy Bars & Miniatures,11.56,$11.56,$1.31/oz
"Hershey's Symphony Milk Chocolate Giant Candy, Bar 7.37 oz, 25 Pieces",Chocolate Candy,4.52,$4.52,61.3 ¢/oz
"Great Value Gummy Bears & Worms Chewy Candy, 48 oz",Gummy Candy,8.48,$8.48,17.7 ¢/oz
"Reese's Zero Sugar Miniatures Chocolate Peanut Butter Cups Candy, Bag 15.5 oz",Chocolate Candy,15.58,$15.58,$1.01/oz
"Ritter Sport Dark Chocolate Candy Bar with Crunchy Whole Hazelnuts  Authentic German Chocolate, Wrapped, 3.5 oz",Candy Bars & Miniatures,3.22,$3.22,92.0 ¢/oz
"GHIRARDELLI Sea Salt Caramel Dark Chocolate Candy SQUARES Bar, 4.8 oz Bar",Candy Bars & Miniatures,5.78,$5.78,$1.20/oz
"Skittles Original Chewy Candy Party Size, 50 oz Bag",Chewy Candy,11.92,$11.92,23.8 ¢/oz
"Lindt Excellence Dark Chocolate, Sea Salt, Candy Bar, 3.5 oz, Bar",Candy Bars & Miniatures,5.78,$5.78,$1.65/oz
"HERSHEY'S, KIT KAT and REESE'S Assorted Flavored Snack Size Candy Party Pack, 30.24 oz",Chocolate Candy,14.84,$14.84,49.1 ¢/oz
"HARIBO Goldbears Gummy Bears, Sour Candy Gummies, 25.6 oz, Bulk Party Share Bag",Gummy Candy,6.96,$6.96,27.2 ¢/oz
"Hershey's Milk Chocolate with Almonds Snack Size Candy, Bag 10.35 oz",Chocolate Candy,5.97,$5.97,57.7 ¢/oz
"M&M's Caramel Chocolate Movie Night Candy, Party Size, 34 oz Bulk Bag",Chocolate Candy,13.96,$13.96,41.1 ¢/oz
"NERDS Gummy Clusters and Nerds Rope Candy Variety Pack, Individually Wrapped, 18 count 23.52 oz",Gummy Candy,18.47,$18.47,78.5 ¢/oz
"Hershey's Milk Chocolate Snack Size Candy, Jumbo Pack 18 oz",Chocolate Candy,9.74,$9.74,54.1 ¢/oz
"Hershey's Kisses Milk Chocolate with Almonds Candy, Party Pack 32 oz",Chocolate Candy,14.84,$14.84,46.4 ¢/oz
"Hershey's Milk Chocolate Snack Size Candy, Party Pack 32.85 oz",Chocolate Candy,14.84,$14.84,45.2 ¢/oz
"Lindt Excellence, Dark Chocolate, 90% Cocoa, Candy Bar, 3.5 oz, Bar",Candy Bars & Miniatures,5.78,$5.78,$1.65/oz
"Hershey's Zero Sugar Chocolate with Almonds Candy, Bag 5.1 oz",Chocolate Candy,6.66,$6.66,$1.31/oz
"Hershey's Special Dark Chocolate with Almonds Giant Candy, Bar 7.37 oz, 25 Pieces",Candy Bars & Miniatures,4.52,$4.52,61.3 ¢/oz
3 Musketeers Fun Size Milk Chocolate Candy Bars - 18.41 oz,Candy Bars & Miniatures,9.94,$9.94,54.0 ¢/oz
"(2 pack) Hershey's Milk Chocolate Giant Candy, Bar 7.56 oz, 25 Pieces",Chocolate Candy,9.04,$9.04,59.8 ¢/oz
M&M's Pop'd Caramel Chocolate Crunchy Candy - 5.5 oz Resealable Bag,Chocolate Candy,5.96,$5.96,$1.08/oz
"Kit Kat Milk Chocolate Wafer Snack Size Candy, Jumbo Pack 17.64 oz",Candy Bars & Miniatures,9.74,$9.74,55.2 ¢/oz
"Lindt Excellence, Dark Chocolate, 70% Cocoa, Candy Bar, 3.5 oz, Bar",Candy Bars & Miniatures,5.78,$5.78,$1.65/oz
"RUSSELL STOVER Sugar Free Peanut Butter Cup Chocolate Candy, 4.7 oz. bag",Chocolate Candy,5.22,$5.22,$1.11/oz
"Hershey's Zero Sugar Assorted Chocolate Candy, Bag 15.5 oz",Chocolate Candy,15.58,$15.58,$1.01/oz
"Kinder Bueno Milk Chocolate Bars with Hazelnut Cream, 10 Bars, Chocolate Candy Bars for Game Day, Football Party Supplies, Snacks for Adults, 10 Per Pack",Chocolate Candy,6.17,$6.17,82.3 ¢/oz
"(6 pack) Milky Way Candy Midnight Dark Chocolate Bar, Share Size - 2.83 oz",Chocolate Candy,11.82,$11.82,69.6 ¢/oz
"(3 pack) Tootsie Roll, Midgees Chocolate Candy, 43.1 oz (400 Pieces), Peanut Free, Gluten Free, Contains Milk and Soy.",Chocolate Candy,25.02,$25.02,19.4 ¢/oz
M&M's 50% Cacao Dark Chocolate Candy - 18 oz Bag,Chocolate Candy,9.94,$9.94,55.2 ¢/oz
"M&M's Minis Peanut Butter Candy, Family Size - 15 oz Bulk Resealable Bag",Chocolate Candy,9.94,$9.94,66.3 ¢/oz
"Hershey's Special Dark Mildly Sweet Chocolate with Almonds XL Candy, Bar 4.25 oz",Chocolate Candy,2.97,$2.97,69.9 ¢/oz
"RUSSELL STOVER Sugar Free Coconut in Chocolate Candy, 10 oz. bag",Chocolate Candy,9.94,$9.94,99.4 ¢/oz
"Hershey's Special Dark Mildly Sweet Chocolate Candy, Bars 1.45 oz, 6 Count",Candy Bars & Miniatures,8.24,$8.24,94.7 ¢/oz
"M&M's MINIS Chocolate Movie Night Candy, Party Size, 31.5 oz Bulk Bag",Chocolate Candy,12.97,$12.97,41.2 ¢/oz
"Hershey's Kisses Special Dark Mildly Sweet Chocolate Candy, Party Pack 32.1 oz",Chocolate Candy,14.84,$14.84,46.2 ¢/oz
"RUSSELL STOVER Sugar Free Pecan Delight Chocolate Candy, 10 oz. bag",Chocolate Candy,9.94,$9.94,99.4 ¢/oz
"Reese's Big Cup Caramel Milk Chocolate Peanut Butter Cups Candy, Packs 1.4 oz, 6 Count",Chocolate Candy,8.24,$8.24,98.1 ¢/oz
"REESE'S Miniatures Peanut Butter Pie Flavored Peanut Butter Cups Candy Share Pack, 9.6 oz",Chocolate Candy,5.97,$5.97,62.2 ¢/oz
"Kinder Bueno Milk Chocolate Bars, Chocolate Candy Bars with Hazelnut Filling for Game Day, Football Party Supplies, Snacks for Adults, Snack Size 6.8 oz.",Chocolate Candy,5.97,$5.97,87.8 ¢/oz
M&M's Honey Roasted Peanut Chocolate Candy - 3.27 oz Pack,Chocolate Candy,2.78,$2.78,85.0 ¢/oz
"Tony's Chocolonely Chocolate Bar Pack - Candy Variety Pack, Individually Wrapped, 6 Bars",Candy Bars & Miniatures,10.36,$10.36,$1.02/oz
"(3 pack) M&M's MINIS Chocolate Movie Night Candy, Party Size, 31.5 oz Bulk Bag",Chocolate Candy,38.91,$38.91,41.2 ¢/oz
"Skittles Original Chewy Candy, Full Size - 2.17 oz Bag",Chewy Candy,1.22,$1.22,56.2 ¢/oz
"M&M's, Snickers, Skittles & Starburst Fun Size Candy, Party Size - 19.44 oz Bag",Chocolate & Candy Assortments,9.96,$9.96,51.3 ¢/oz
"SOUR PATCH KIDS Soft & Chewy Candy, 8 oz",Sour Candy,2.94,$2.94,36.8 ¢/oz
"SOUR PATCH KIDS Watermelon Soft & Chewy Candy, Share Size, 12 oz",Sour Candy,4.84,$4.84,40.3 ¢/oz
"SOUR PATCH KIDS Watermelon Soft & Chewy Candy, 8 oz",Sour Candy,2.94,$2.94,36.8 ¢/oz
"Lindt Lindor Milk Chocolate Candy Truffles, 5.1 oz, Bag",Chocolate Candy,7.12,$7.12,$1.40/oz
"Lindt Lindor Assorted Chocolate Candy Truffles, 5.1 oz, Bag",Chocolate Candy,7.12,$7.12,$1.40/oz
"NERDS Candy, Grape and Strawberry, 5 oz Theater Box",Sour Candy,1,$1.00,20.0 ¢/oz
"Smarties Squashies, 5 Ounce Bag, Allergen Free Gummy Candy",Chewing Gum,2.58,$2.58,51.6 ¢/oz
Skittles Gummies Fuego Gummy Candy - 5.8 oz Bag,Gummy Candy,2.62,$2.62,45.2 ¢/oz
"Airheads Xtremes Belts Candy, Very Berry, 4.5 oz Bag",Sour Candy,2.08,$2.08,46.2 ¢/oz
"(3 pack) NERDS Candy, Theater Box, Rainbow, Crunchy Fruity, 5 oz",Fruit Flavored Candy,3,$3.00,20.0 ¢/oz
"Jolly Rancher Original Fruit Flavored Hard Candy, Bag 7 oz",Hard Candy,3.48,$3.48,49.7 ¢/oz
"Skittles Sour Candy, Chewy Fruit Candies, Share Size, 13.7 oz Bag",Sour Candy,4.31,$4.31,31.5 ¢/oz
"SweeTARTS Mini Chewy, Candy, Mixed Fruit, 12 oz Bag",Chewy Candy,4.17,$4.17,34.8 ¢/oz
"Kellogg's Special K Red Berries Breakfast Cereal, Good Source of Fiber, Family Size, 15.6 oz",Packaged Breakfast Cereals,4.88,$4.88,31.3 ¢/oz
"Kellogg’s Froot Loops Breakfast Cereal, Good Source of Fiber, 15g Whole Grain, Mega Size, 24.7 oz",Packaged Breakfast Cereals,5.64,$5.64,22.8 ¢/oz
"Kellogg's Frosted Flakes Breakfast Cereal, Fat Free, Family Size, 21.7 oz",Packaged Breakfast Cereals,4.98,$4.98,22.9 ¢/oz
"Cinnamon Toast Crunch Breakfast Cereal, Crispy Cinnamon Cereal, Family Size, 18.8 oz",Packaged Breakfast Cereals,3.08,$3.08,16.4 ¢/oz
"Cap'n Crunch, Crunch Berries, Kid's Cereal, 11.7 oz Packaged Breakfast Cereal Box",Packaged Breakfast Cereals,2.97,$2.97,25.4 ¢/oz
"Kellogg's Apple Jacks Breakfast Cereal, Kids Cereal, Family Breakfast, Family Size, Original, 16.6oz Box (1 Box)",Packaged Breakfast Cereals,4.98,$4.98,30.0 ¢/oz
"Honey Nut Chex Cereal, Gluten Free Breakfast Cereal, Family Size, 19.6 oz",Packaged Breakfast Cereals,3.76,$3.76,19.2 ¢/oz
"Cocoa Puffs, Chocolate Breakfast Cereal with Whole Grains, Family Size, 18.1 oz",Packaged Breakfast Cereals,2.82,$2.82,15.6 ¢/oz
"Honey Nut Cheerios, Heart Healthy Cereal, Affirmations Box, Family Size, 18.8 oz",Packaged Breakfast Cereals,3.98,$3.98,21.2 ¢/oz
"Kellogg's Frosted Mini-Wheats Cold Breakfast Cereal Cup, High-Fiber, Whole Grain, Original, 2.5oz Cup (1 Cup)",Packaged Breakfast Cereals,1,$1.00,40.0 ¢/oz
"Kellogg’s Frosted Mini-Wheats Breakfast Cereal, High Fiber, 48g Whole Grain, Family Size, 24 oz",Packaged Breakfast Cereals,4.68,$4.68,19.5 ¢/oz
"Kellogg's Froot Loops with Marshmallows Breakfast Cereal, 12g Whole Grains, Mega Size, 23.7 oz",Packaged Breakfast Cereals,5.64,$5.64,23.8 ¢/oz
"Cinnamon Toast Crunch Breakfast Cereal, Crispy Cinnamon Cereal, 12 oz",Packaged Breakfast Cereals,1.98,$1.98,16.5 ¢/oz
"Cinnamon Toast Crunch Breakfast Cereal, Crispy Cinnamon Cereal, Value Bag, 32 oz",Packaged Breakfast Cereals,5.17,$5.17,16.2 ¢/oz
"Kellogg's Cocoa Loops Breakfast Cereal, Good Source of Fiber, Made with Real Cocoa, 1.5oz Cup",Packaged Breakfast Cereals,1,$1.00,66.7 ¢/oz
"Post Fruity PEBBLES Breakfast Cereal, Gluten-Free, Sweetened Puffed Rice, 11 oz",Packaged Breakfast Cereals,2.97,$2.97,27.0 ¢/oz
"Lucky Charms Gluten Free Cereal with Marshmallows, Kids Cereal, Family Size, 18.6 oz",Packaged Breakfast Cereals,3.53,$3.53,19.0 ¢/oz
"Post Grape Nuts Flakes Breakfast Cereal, Crunchy 18 oz Box",Packaged Breakfast Cereals,4.93,$4.93,27.4 ¢/oz
"Cap'n Crunch Sweetened Corn & Oat Cereal Crunchy Berries Naturally & Artificially Flavored, 20.5 oz box",Packaged Breakfast Cereals,4.97,$4.97,24.2 ¢/oz
"Chocolate Cheerios, Heart Healthy Gluten Free Breakfast Cereal, Family Size, 19.2 oz",Packaged Breakfast Cereals,4.97,$4.97,25.9 ¢/oz
"Kellogg's Frosted Flakes Breakfast Cereal, Kids Cereal, Family Breakfast, Family Size, Chocolate Milkshake, 22.2oz Box (1 Box)",Packaged Breakfast Cereals,4.68,$4.68,21.1 ¢/oz
"Lucky Charms Gluten Free Cereal with Marshmallows, Kids Breakfast Cereal, 10.5 oz",Packaged Breakfast Cereals,1.98,$1.98,18.9 ¢/oz
"Cap'n Crunch's Crunch Berries, Mega Bag, 40 oz",Packaged Breakfast Cereals,7.12,$7.12,17.8 ¢/oz
"Post Fruity PEBBLES Breakfast Cereal, Gluten Free, Sweetened Puffed Rice, 32 oz Bag",Packaged Breakfast Cereals,6.77,$6.77,21.2 ¢/oz
"Kellogg's Apple Jacks Glazed Donut Holes Breakfast Cereal, 14g Whole Grain, Fiber, Family Size,17 oz",Packaged Breakfast Cereals,4.98,$4.98,29.3 ¢/oz
"Great Value Frosted Bite Size Shredded Wheat Cereal, 24 oz",Packaged Breakfast Cereals,2.82,$2.82,11.8 ¢/oz
"Post Fruity PEBBLES Breakfast Cereal, Gluten Free, Crunchy, Mega Size, 27.5 oz",Packaged Breakfast Cereals,4.97,$4.97,18.1 ¢/oz
"Post Marshmallow Fruity PEBBLES Breakfast Cereal, Gluten Free with Marshmallows, 30 oz Bag",Packaged Breakfast Cereals,5.97,$5.97,19.9 ¢/oz
"Honey Bunches of Oats Honey Roasted Breakfast Cereal with Oats and Granola Clusters, 18 oz Box",Packaged Breakfast Cereals,4.38,$4.38,24.3 ¢/oz
"Trix Breakfast Cereal, Fruit Flavored Corn Puffs, Family Size, 16.1 oz",Packaged Breakfast Cereals,4.47,$4.47,27.8 ¢/oz
"Kelloggs Frosted Mini-Wheats Breakfast Cereal, High Fiber, 48g Whole Grain, Family Size, 24 oz",Packaged Breakfast Cereals,4.68,$4.68,19.5 ¢/oz
"Kellogg's Frosted Flakes Breakfast Cereal, Fat Free, 12 oz",Packaged Breakfast Cereals,3.78,$3.78,31.5 ¢/oz
"Great Value Frosted Flakes Breakfast Cereal, 13.5 oz",Packaged Breakfast Cereals,1.93,$1.93,14.3 ¢/oz
"Kellogg's Froot Loops Breakfast Cereal, Good Source of Fiber, 15g Whole Grains, Family Size, 16.6 oz",Packaged Breakfast Cereals,4.98,$4.98,30.0 ¢/oz
"Great Value Magic Treasures Whole Grain Oat with Marshmallow Breakfast Cereal, 11.5 oz",Packaged Breakfast Cereals,1.97,$1.97,17.1 ¢/oz
"REESE'S PUFFS Breakfast Cereal, Chocolatey Peanut Butter Cereal, 11.5 oz",Packaged Breakfast Cereals,2.97,$2.97,25.8 ¢/oz
"Lucky Charms Gluten Free Cereal with Marshmallows, Kids Breakfast Cereal Bag, 32 oz",Packaged Breakfast Cereals,5.17,$5.17,16.2 ¢/oz
"Kellogg's Special K Vanilla and Almond Breakfast Cereal, Good Source of Fiber, Family Size, 17 oz",Packaged Breakfast Cereals,4.88,$4.88,28.7 ¢/oz
"Malt-O-Meal Fruity Dyno Bites Cereal, Gluten Free Breakfast Cereal,Crunchy, 32 oz Resealable Bag",Packaged Breakfast Cereals,5.77,$5.77,18.0 ¢/oz
"Honey Nut Cheerios, Heart Healthy Cereal, Affirmations Box, Mega Size, 27.2 oz",Packaged Breakfast Cereals,4.97,$4.97,18.3 ¢/oz
"Capn Crunch's Oops All Berries Sweetened Corn & Oat Crunchy Cereal, (16.9 oz.)",Packaged Breakfast Cereals,4.97,$4.97,29.4 ¢/oz
"Post Fruity PEBBLES Breakfast Cereal, Gluten Free, Family Size Box, 19.5 oz",Packaged Breakfast Cereals,4.38,$4.38,22.5 ¢/oz
"Kellogg's Apple Jacks Breakfast Cereal, Kids Cereal, Family Breakfast, Original, 8.9oz Box (1 Box)",Packaged Breakfast Cereals,3.98,$3.98,44.7 ¢/oz
"Kellogg's Froot Loops with Marshmallows Breakfast Cereal, 12g Whole Grains, Family Size, 16.2 oz",Packaged Breakfast Cereals,4.68,$4.68,28.9 ¢/oz
"Honey Nut Cheerios, Heart Healthy Cereal, Affirmations Box, Heart Shapes, 10.8 oz",Packaged Breakfast Cereals,3.47,$3.47,32.1 ¢/oz
"Great Value Honey Nut O's Oat Breakfast Cereal, 12.25 oz, 1 Count",Packaged Breakfast Cereals,1.87,$1.87,15.2 ¢/oz
"Post Honeycomb Cereal, Honey Flavored Crunchy Breakfast Cereal, 19oz Box",Packaged Breakfast Cereals,4.38,$4.38,23.1 ¢/oz
"REESE'S PUFFS Breakfast Cereal, Chocolatey Peanut Butter Cereal, Family Size, 19.7 oz",Packaged Breakfast Cereals,4.97,$4.97,25.2 ¢/oz
"Great Value Crunchy Raisin Bran Breakfast Cereal, 18.2 oz",Packaged Breakfast Cereals,2.76,$2.76,15.2 ¢/oz
"Malt-O-Meal Cocoa Dyno Bites, Gluten Free Breakfast Cereal, Crunchy 32 oz Resealable Cereal Bag",Packaged Breakfast Cereals,4.88,$4.88,15.3 ¢/oz
"Honey Bunches of Oats with Almonds, Almond Breakfast Cereal, Family Size 18 oz Box",Packaged Breakfast Cereals,4.38,$4.38,24.3 ¢/oz
"Cap'n Crunch Sweetened Corn & Oat Cereal, 22.1 oz Box",Packaged Breakfast Cereals,4.97,$4.97,22.5 ¢/oz
"Cap'n Crunch's Peanut Butter Crunchy Cereal, Family Size (18.8 oz)",Packaged Breakfast Cereals,4.97,$4.97,26.4 ¢/oz
"Trix Breakfast Cereal, Fruit Flavored Corn Puffs, 35 oz Resealable Bag",Packaged Breakfast Cereals,5.17,$5.17,14.8 ¢/oz
"Malt-O-Meal Cinnamon Toasters Breakfast Cereal, Cinnamon Cereal Squares, Crunchy 33 oz Bag",Packaged Breakfast Cereals,5.77,$5.77,17.5 ¢/oz
"Quaker Original Life Multigrain Crispy & Crunchy Cereal, Family Size (22.3 oz)",Packaged Breakfast Cereals,4.97,$4.97,22.3 ¢/oz
"Cheerios Protein Cereal, Strawberry, 8g Protein, Family Size, 15 oz",Packaged Breakfast Cereals,4.44,$4.44,29.6 ¢/oz
"Kellogg's Corn Pops Breakfast Cereal, Kids Cereal, Family Breakfast, Family Size, Original, 16.4oz Box (1 Box)",Packaged Breakfast Cereals,4.68,$4.68,28.5 ¢/oz
"Malt-O-Meal S'mores Breakfast Cereal, Crunchy Smores Cereal, 30 oz Resealable Bag",Packaged Breakfast Cereals,5.77,$5.77,19.2 ¢/oz
"Malt-O-Meal Tootie Fruities Cereal, Fruity Breakfast Cereal, Crunchy 33 oz Resealable Bag",Packaged Breakfast Cereals,5.77,$5.77,17.5 ¢/oz
"Cheerios Heart Healthy Cereal, Heart Shapes, Affirmations Box, Family Size, 18 oz",Packaged Breakfast Cereals,4.44,$4.44,24.7 ¢/oz
"Post Great Grains Raisins, Dates & Pecans Cereal, Heart Healthy, Whole Grain, Crunchy 19oz Box",Packaged Breakfast Cereals,4.97,$4.97,26.2 ¢/oz
"Kellogg's Breakfast Cereal, Kids Cereal, Family Breakfast, Variety Pack, 8.56oz Tray (8 Boxes)",Packaged Breakfast Cereals,5.26,$5.26,61.2 ¢/oz
"Great Value Fruit Spin Loops, Breakfast Cereal, 21.7 oz",Packaged Breakfast Cereals,2.98,$2.98,13.7 ¢/oz
"Great Value Peanut Butter Chocolate Puffs Cereal, 12.3 oz",Packaged Breakfast Cereals,2.47,$2.47,20.1 ¢/oz
"Kellogg's Honey Smacks Breakfast Cereal, Made with Whole Grain, Family Size, 21.2 oz",Packaged Breakfast Cereals,4.68,$4.68,22.1 ¢/oz
"Great Value Honey Graham Crunch Cereal, 12 oz",Packaged Breakfast Cereals,2.28,$2.28,19.0 ¢/oz
"REESE'S PUFFS Breakfast Cereal, Chocolatey Peanut Butter Cereal, Mega Size, 29 oz",Packaged Breakfast Cereals,5.97,$5.97,20.6 ¢/oz
"Quaker Life Breakfast Cereal, Cinnamon, 22.3oz Box",Packaged Breakfast Cereals,4.97,$4.97,22.3 ¢/oz
"Great Value Strawberry Awake Breakfast Cereal, 11.2 oz",Packaged Breakfast Cereals,2.86,$2.86,25.5 ¢/oz
"Malt-O-Meal Frosted Flakes Cereal, Family Size, Crunchy 37 oz Resealable Bag",Packaged Breakfast Cereals,5.77,$5.77,15.6 ¢/oz
"Post Great Grains Crunchy Pecan Breakfast Cereal, Non GMO, Heart Healthy, Low Fat, Whole Grain, 19oz",Packaged Breakfast Cereals,4.97,$4.97,26.2 ¢/oz
"Post Honeycomb Cereal, Made with Real Honey, Certified Kosher, Crunchy 32 oz Bag",Packaged Breakfast Cereals,6.97,$6.97,21.8 ¢/oz
"French Toast Crunch Breakfast Cereal, Syrup and Cinnamon Taste, Family Size, 17.4 oz",Packaged Breakfast Cereals,4.97,$4.97,28.6 ¢/oz
"Malt-O-Meal Fruity Dyno Bites with Marshmallows, Gluten Free Cereal, Crunchy 30 oz Resealable Bag",Packaged Breakfast Cereals,5.77,$5.77,19.2 ¢/oz
"Kellogg's Frosted Krispies Breakfast Cereal, Kids Snacks, Family Breakfast, Family Size, Frosted Flavor, 17.1oz Box (1 Box)",Packaged Breakfast Cereals,4.68,$4.68,27.4 ¢/oz
"Kellogg's Krave Breakfast Cereal, Kids Cereal, Family Breakfast, Family Size, Chocolate, 17.3oz Box (1 Box)",Packaged Breakfast Cereals,4.68,$4.68,27.1 ¢/oz
"Kellogg's Apple Jacks Original Cold Breakfast Cereal, 8 Vitamins and Minerals, 32.1 oz",Packaged Breakfast Cereals,6.13,$6.13,19.1 ¢/oz
"Kellogg's Frosted Mini-Wheats Breakfast Cereal, Kids Cereal, Family Breakfast, Family Size, Strawberry, 20oz Box (1 Box)",Packaged Breakfast Cereals,4.68,$4.68,23.4 ¢/oz
"Malt-O-Meal Golden Puffs Breakfast Cereal, Puffed Wheat Cereal, Crunchy 32 oz Resealable Bag",Packaged Breakfast Cereals,5.77,$5.77,18.0 ¢/oz
"Kellogg's Frosted Flakes Cold Breakfast Cereal, 8 Vitamins and Minerals, Kids Snacks, Original, 39.5oz Bag (1 Bag)",Packaged Breakfast Cereals,6.86,$6.86,17.4 ¢/oz
"Kellogg's Krave Breakfast Cereal, Kids Cereal, Family Breakfast, Chocolate, 32oz Bag (1 Bag)",Packaged Breakfast Cereals,6.13,$6.13,19.2 ¢/oz
"Cap'n Crunch Sweetened Corn & Oat Crunchy Cereal, 12.6 oz. Single box",Packaged Breakfast Cereals,2.97,$2.97,23.6 ¢/oz
"Post Marshmallow Fruity PEBBLES Breakfast Cereal, Gluten Free with Marshmallows, 18 oz",Packaged Breakfast Cereals,4.38,$4.38,24.3 ¢/oz
"Honey Nut Cheerios, Heart Healthy Gluten Free Breakfast Cereal, Resealable Bag, 32 oz",Packaged Breakfast Cereals,5.17,$5.17,16.2 ¢/oz
"Kellogg's Frosted Flakes Cold Breakfast Cereal Cup, 8 Vitamins and Minerals, Kids Snacks, Original, 2.1oz Cup (1 Cup)",Packaged Breakfast Cereals,1,$1.00,47.6 ¢/oz
"Quaker Simply Granola Breakfast Cereal, Oats Honey Raisins & Almonds, 24.1 oz Box",Packaged Breakfast Cereals,5.28,$5.28,21.9 ¢/oz
"Post Cocoa Pebbles Chocolate Breakfast Cereal, Gluten-Free, Sweetened Puffed Rice, 11 oz",Packaged Breakfast Cereals,2.97,$2.97,27.0 ¢/oz
"Golden Grahams Breakfast Cereal, Graham Cracker Taste, Family Size, 18.9 oz",Packaged Breakfast Cereals,3.77,$3.77,19.9 ¢/oz
"Cookie Crisp Breakfast Cereal, Chocolate Chip Cookie Taste, Family Size 18.3 oz",Packaged Breakfast Cereals,3.77,$3.77,20.6 ¢/oz
"Kellogg's Cocoa Krispies Breakfast Cereal, Kids Snacks, Family Breakfast, Family Size, Chocolatey Flavor, 19oz Box (1 Box)",Packaged Breakfast Cereals,4.68,$4.68,24.6 ¢/oz
"REESE'S PUFFS Breakfast Cereal, Chocolatey Peanut Butter Cereal Bag, 35 oz",Packaged Breakfast Cereals,5.17,$5.17,14.8 ¢/oz
"Kellogg's Blueberry Bran Crunch Breakfast Cereal, Family Breakfast, Fiber Cereal, Family Size, Original, 21.4oz Box (1 Box)",Packaged Breakfast Cereals,4.98,$4.98,23.3 ¢/oz
"Cheerios Oat Crunch Oats 'N Honey Breakfast Cereal, Family Size, 24 oz",Packaged Breakfast Cereals,3.77,$3.77,15.7 ¢/oz
"Malt-O-Meal Berry Colossal Crunch Breakfast Cereal, 38.5 oz Resealable Cereal Bag",Packaged Breakfast Cereals,5.77,$5.77,15.0 ¢/oz
"Great Value Toasted O's Breakfast Cereal, 12 oz",Packaged Breakfast Cereals,1.83,$1.83,15.3 ¢/oz
"Honey Bunches of Oats with Real Strawberries, Strawberry Breakfast Cereal, 16.5oz Box",Packaged Breakfast Cereals,4.38,$4.38,26.5 ¢/oz
"Kellogg's Frosted Flakes Breakfast Cereal, Fat Free, Mega Size, 30.6 oz",Packaged Breakfast Cereals,5.64,$5.64,18.4 ¢/oz
"Great Value Bite Size Frosted Strawberry Shredded Wheat Breakfast Cereal, 16.3 oz",Packaged Breakfast Cereals,2.24,$2.24,13.7 ¢/oz
"Post Great Grains Banana Nut Crunch, Non-GMO, Heart Healthy,Whole Grain Cereal, Crunchy 18 oz Box",Packaged Breakfast Cereals,4.97,$4.97,27.6 ¢/oz
"Kellogg's Special K Fruit and Yogurt Breakfast Cereal, Good Source of Fiber, Family Size, 17.9 oz",Packaged Breakfast Cereals,4.88,$4.88,27.3 ¢/oz
"Great Value Extra Raisin Bran, Wheat Flakes Cereal, 25.5 oz",Packaged Breakfast Cereals,3.66,$3.66,14.4 ¢/oz
"Kellogg's Special K Red Berries Breakfast Cereal, Good Source of Fiber, 11.4 oz",Packaged Breakfast Cereals,4.18,$4.18,36.7 ¢/oz
"Kellogg's Raisin Bran Crunch Breakfast Cereal, Good Source of Fiber, 15.4 oz",Packaged Breakfast Cereals,3.98,$3.98,25.8 ¢/oz
"Kelloggs Frosted Mini-Wheats Breakfast Cereal, High Fiber, 48g Whole Grain, 16 oz",Packaged Breakfast Cereals,3.98,$3.98,24.9 ¢/oz
"Kellogg's Rice Krispies Breakfast Cereal, 8 Vitamins and Minerals, 9 oz",Packaged Breakfast Cereals,3.98,$3.98,44.2 ¢/oz
"Kellogg's Froot Loops Breakfast Cereal, Good Source of Fiber, 15g Whole Grains, 8.9 oz",Packaged Breakfast Cereals,3.78,$3.78,42.5 ¢/oz
"Multi Grain Cheerios, Heart Healthy Breakfast Cereal, Family Size, 18 oz",Packaged Breakfast Cereals,4.97,$4.97,27.6 ¢/oz
"Cinnamon Toast Crunch Breakfast Cereal, Crispy Strawberry Cereal, Family Size, 18.8 oz",Packaged Breakfast Cereals,4.97,$4.97,26.4 ¢/oz
"Post Cocoa PEBBLES Breakfast Cereal, Gluten Free, Sweetened Puffed Rice, 32 oz Bag",Packaged Breakfast Cereals,6.77,$6.77,21.2 ¢/oz
"Kellogg's Froot Loops Breakfast Cereal, Good Source of Fiber, 15g Whole Grains, 32.1 oz",Packaged Breakfast Cereals,6.13,$6.13,19.1 ¢/oz
"Post Waffle Crisp Breakfast Cereal, Sweetened Waffle Shaped Cereal, Crunchy 20 oz Box",Packaged Breakfast Cereals,4.38,$4.38,21.9 ¢/oz
"Great Value Fruit & Yogurt Clusters Awake Cereal, 12.5 oz",Packaged Breakfast Cereals,2.86,$2.86,22.9 ¢/oz
"Kellogg's Frosted Mini-Wheats Breakfast Cereal, Kids Cereal, Family Breakfast, Family Size, Blueberry Muffin, 20oz Box (1 Box)",Packaged Breakfast Cereals,4.68,$4.68,23.4 ¢/oz
"Great Value Toasted Rice Crisps Breakfast Cereal, 12 oz",Packaged Breakfast Cereals,1.97,$1.97,16.4 ¢/oz
"Sugar Cookie Toast Crunch Breakfast Cereal, Sugar Cookie Cinnamon, Family Size, 18.8 oz",Packaged Breakfast Cereals,3.77,$3.77,20.1 ¢/oz
"Cheerios Protein Cereal, Cookies and Crme, 8g Protein, Family Size, 15 oz",Packaged Breakfast Cereals,4.44,$4.44,29.6 ¢/oz
"Post OREO PUFFS Cereal,  Crunchy 16.5 oz box",Packaged Breakfast Cereals,4.97,$4.97,30.1 ¢/oz
"Cocoa Puffs, Chocolatey Breakfast Cereal, Made with Whole Grain, 10.4 oz",Packaged Breakfast Cereals,2.97,$2.97,28.6 ¢/oz
"Golden Crisp Puffed Wheat Cereal, Breakfast cereal, Crunchy 24 oz Box",Packaged Breakfast Cereals,4.38,$4.38,18.3 ¢/oz
"Kix Whole Grain Breakfast Cereal, Crispy Corn Cereal Puffs, Family Size, 18 oz",Packaged Breakfast Cereals,4.97,$4.97,27.6 ¢/oz
"Kellogg's Frosted Flakes Breakfast Cereal, Kids Cereal, Family Breakfast, Family Size, Strawberry Milkshake, 20.1oz Box (1 Box)",Packaged Breakfast Cereals,4.68,$4.68,23.3 ¢/oz
"Great Value Crunchy Honey Oats Breakfast Cereal, 18 oz",Packaged Breakfast Cereals,2.67,$2.67,14.8 ¢/oz
"Trix Breakfast Cereal, Fruit Flavored Corn Puffs, 10.7 oz",Packaged Breakfast Cereals,2.97,$2.97,27.8 ¢/oz
"Cascadian Farm Organic Cinnamon Crunch Cereal, Family Size, 14.5 oz",Packaged Breakfast Cereals,5.76,$5.76,39.7 ¢/oz
"Great Value Honey Nut O's Oat Breakfast Cereal, 19.5 oz",Packaged Breakfast Cereals,2.86,$2.86,14.7 ¢/oz
"Cinnamon Toast Crunch Breakfast Cereal Cup, Single Serve Cereal, 2 oz",Packaged Breakfast Cereals,1,$1.00,50.0 ¢/oz
"Cap'n Crunch Sweetened Corn & Oat Cereal Crunchy Berries Naturally & Artificially Flavored,  33 oz",Packaged Breakfast Cereals,6.28,$6.28,19.0 ¢/oz
"Special K Cold Breakfast Cereal, 11 Vitamins and Minerals, 13g Protein, Family Size, Original, 18oz Box (1 Box)",Packaged Breakfast Cereals,4.88,$4.88,27.1 ¢/oz
"Post Cocoa PEBBLES Breakfast Cereal, Gluten Free & Chocolatey, Mega Size Box, 27.5 oz",Packaged Breakfast Cereals,4.97,$4.97,18.1 ¢/oz
"Great Value Almond Crunchy Honey Oats Cereal, 18 oz",Packaged Breakfast Cereals,2.67,$2.67,14.8 ¢/oz
"Cookie Crisp Cereal, Chocolate Chip Cookie Taste, Value Bag, 35 oz",Packaged Breakfast Cereals,7.13,$7.13,20.4 ¢/oz
"Kellogg's Special K Chocolatey Delight Breakfast Cereal, Good Source of Fiber, Family Size, 16.3 oz",Packaged Breakfast Cereals,4.88,$4.88,29.9 ¢/oz
"Kellogg's Apple Jacks Breakfast Cereal Cups, Kids Cereal, Family Breakfast, Original, 1.5oz Cup (1 Cup)",Packaged Breakfast Cereals,1,$1.00,66.7 ¢/oz
"Post Cocoa PEBBLES Breakfast Cereal, Gluten Free & Chocolatey, Family Size Box, 19.5 oz",Packaged Breakfast Cereals,4.38,$4.38,22.5 ¢/oz
"Lucky Charms Gluten Free Cereal with Marshmallows, Kids Cereal, Mega Size, 26.1 oz",Packaged Breakfast Cereals,4.97,$4.97,19.0 ¢/oz
"Kelloggs Froot Loops Breakfast Cereal, Good Source of Fiber, 15g Whole Grain, Mega Size, 24.7 oz",Packaged Breakfast Cereals,5.64,$5.64,22.8 ¢/oz
"Honey Ohs! Family Size Cereal, Sweetened Honey Cereal, Crunchy 20 oz Box",Packaged Breakfast Cereals,4.38,$4.38,21.9 ¢/oz
"Post Fruity PEBBLES Breakfast Cereal, Gluten Free, On-the-Go Snack, 2 oz Individual Cup",Packaged Breakfast Cereals,1,$1.00,50.0 ¢/oz
"Cinnamon Chex Cereal, Gluten Free Breakfast Cereal, Family Size, 19.2 oz",Packaged Breakfast Cereals,3.76,$3.76,19.6 ¢/oz
"Great Value Bran Flakes Breakfast Cereal, 15.6 oz",Packaged Breakfast Cereals,2.6,$2.60,16.7 ¢/oz
"Great Value Fruit Spins Breakfast Cereal, 12.2 oz",Packaged Breakfast Cereals,1.87,$1.87,15.3 ¢/oz
"Kelloggs Raisin Bran Breakfast Cereal, High Fiber, 28g Whole Grain, Family Size, 22.1 oz",Packaged Breakfast Cereals,4.98,$4.98,22.5 ¢/oz
"Malt-O-Meal Frosted Mini Spooners, Shredded Wheat Whole Grain Wheat Cereal, Crunchy 40 oz Bag",Packaged Breakfast Cereals,5.77,$5.77,14.4 ¢/oz
"Great Value Berry Crunch Breakfast Cereal, 21 oz",Packaged Breakfast Cereals,2.82,$2.82,13.4 ¢/oz
"Kellogg's Cracklin' Oat Bran Breakfast Cereal, High Fiber, Made with Whole Grain Oats, 16.5 oz",Packaged Breakfast Cereals,4.78,$4.78,29.0 ¢/oz
"Kellogg's Crispix Cold Breakfast Cereal, 8 Vitamins and Minerals, Family Size, Original, 18oz Box (1 Box)",Packaged Breakfast Cereals,4.88,$4.88,27.1 ¢/oz
"Honey Bunches of Oats with Almonds Almond Breakfast Cereal, Mega Size 28 oz Box",Packaged Breakfast Cereals,4.97,$4.97,17.8 ¢/oz
"Cheerios Oat Crunch Cinnamon Breakfast Cereal, Made with Whole Grain, Family Size, 24 oz",Packaged Breakfast Cereals,3.77,$3.77,15.7 ¢/oz
"Kellogg's Raisin Bran Crunch Breakfast Cereal, Good Source of Fiber, Family Size, 20.7 oz",Packaged Breakfast Cereals,4.98,$4.98,24.1 ¢/oz
"Kellogg's Assortment Pack Breakfast Cereal, Single Serve Cereal To Go, Kids Snacks, Variety Pack, 21.8oz Box (20 Boxes)",Packaged Breakfast Cereals,9.96,$9.96,45.7 ¢/oz
"Kellogg's Froot Loops Cold Breakfast Cereal Cup, Fruit Flavored, Breakfast Snacks with Vitamin C, Original, 1.5oz Cup (1 Cup)",Packaged Breakfast Cereals,1,$1.00,66.7 ¢/oz
"Lucky Charms with Marshmallows Cereal Cup, Gluten Free, Single Serve Cereal, 1.7 oz",Packaged Breakfast Cereals,1,$1.00,58.8 ¢/oz
"Post Grape Nuts Original Breakfast Cereal, Crunchy Breakfast Cereal 29 oz Box",Packaged Breakfast Cereals,4.97,$4.97,17.1 ¢/oz
"Kelloggs Raisin Bran Breakfast Cereal, High Fiber, 28g Whole Grain, 16.1 oz",Packaged Breakfast Cereals,3.98,$3.98,24.7 ¢/oz
"Oatmeal Crisp Heart Healthy Cereal, High Fiber Cereal Made with Whole Grain, 19.7 oz",Packaged Breakfast Cereals,4.98,$4.98,25.3 ¢/oz
"Kellogg's Corn Pops Cold Breakfast Cereal Cup, 8 Vitamins and Minerals, Single Serve, Original, 1.5oz Cup (1 Cup)",Packaged Breakfast Cereals,1,$1.00,66.7 ¢/oz
"Honey Nut Cheerios Breakfast Cereal Cup, Gluten Free, Single Serve Cereal, 1.8 oz",Packaged Breakfast Cereals,1,$1.00,55.6 ¢/oz
"Great Value Toasted O's Breakfast Cereal, 18 oz",Packaged Breakfast Cereals,2.47,$2.47,13.7 ¢/oz
"Malt-O-Meal Raisin Bran Cereal, Crunchy Family Size Breakfast Cereal, Crunchy39 oz Resealable Bag",Packaged Breakfast Cereals,5.77,$5.77,14.8 ¢/oz
"Post Great Grains Cranberry Almond Crunch Cereal, Heart Healthy, Whole Grain, Crunchy 17oz Box",Packaged Breakfast Cereals,4.97,$4.97,29.2 ¢/oz
"Great Value Cinnamon Oat Crunch Whole Grain Oat Cereal, 18 oz",Packaged Breakfast Cereals,2.98,$2.98,16.6 ¢/oz
"Post Cocoa PEBBLES Chocolate Breakfast Cereal, Gluten Free, On-the-Go Snack, 2.0 oz Cup",Packaged Breakfast Cereals,1,$1.00,50.0 ¢/oz
"Kellogg's Krave Breakfast Cereal, 7 Vitamins and Minerals, Kids Snacks, Family Size, Brownie Batter, 16.2oz Box (1 Box)",Packaged Breakfast Cereals,4.68,$4.68,28.9 ¢/oz
"Strawberry Banana Cheerios, Heart Healthy Gluten Free Breakfast Cereal, Family Size, 19 oz",Packaged Breakfast Cereals,4.97,$4.97,26.2 ¢/oz
"Cheerios Heart Healthy Cereal, Limited Edition Heart Shapes, Affirmations Box, 8.9 oz",Packaged Breakfast Cereals,3.47,$3.47,39.0 ¢/oz
"Apple Cinnamon Cheerios, Heart Healthy Gluten Free Breakfast Cereal, Family Size, 19 oz",Packaged Breakfast Cereals,3.77,$3.77,19.8 ¢/oz
"Honey Bunches of Oats Honey Roasted Breakfast Cereal with Oats and Granola Clusters, 12 oz Box",Packaged Breakfast Cereals,3.32,$3.32,27.7 ¢/oz
"Kellogg's Rice Krispies Breakfast Cereal, 8 Vitamins and Minerals, Family Size, 18 oz",Packaged Breakfast Cereals,4.68,$4.68,26.0 ¢/oz
"Strawberry Vanilla Chex Cereal, Gluten Free Breakfast Cereal, Family Size, 19.8 oz",Packaged Breakfast Cereals,4.97,$4.97,25.1 ¢/oz
"Kellogg's Raisin Bran Crunch Breakfast Cereal, Good Source of Fiber, Mega Size, 26.7 oz",Packaged Breakfast Cereals,5.64,$5.64,21.1 ¢/oz
"Kellogg's Froot Loops with Marshmallows Breakfast Cereal, 12g Whole Grains, 9.3 oz",Packaged Breakfast Cereals,3.78,$3.78,40.6 ¢/oz
"Trix Breakfast Cereal, Blue Raspberry, The Super Mario Galaxy Movie, Family Size, 16.6 oz",Packaged Breakfast Cereals,4.97,$4.97,29.9 ¢/oz
"Quaker Simply Granola, Oats, Honey & Almonds Cereal, Ready-to-Eat, 24.1 oz Box",Granola,5.54,$5.54,23.0 ¢/oz
"Great Value Frosted Flakes Breakfast Cereal, 26.8 oz",Packaged Breakfast Cereals,3.47,$3.47,12.9 ¢/oz
"Lucky Charms Cereal, The Super Mario Galaxy Movie, Strawberry, Family Size, 18.6 oz",Packaged Breakfast Cereals,4.97,$4.97,26.7 ¢/oz
"Kelloggs Frosted Mini-Wheats Breakfast Cereal, High Fiber, 48g Whole Grain, Mega Size, 32 oz",Packaged Breakfast Cereals,5.64,$5.64,17.6 ¢/oz
"Kellogg's Special KBlueberryBreakfast Cereal, Good Source of Fiber,15.5oz",Packaged Breakfast Cereals,4.88,$4.88,31.5 ¢/oz
"Great Value Cinnamon Crunch Breakfast Cereal, 19 oz",Packaged Breakfast Cereals,2.86,$2.86,15.1 ¢/oz
"Very Berry Cheerios, Heart Healthy Gluten Free Breakfast Cereal, Family Size, 18.6 oz",Packaged Breakfast Cereals,4.97,$4.97,26.7 ¢/oz
"Confetti Cheerios Heart Healthy Cereal, Heart Shapes, Affirmations Box, Family Size, 19 oz",Packaged Breakfast Cereals,4.44,$4.44,23.4 ¢/oz
"Basic 4 Heart Healthy Cereal, Fruit and Nut Fiber Cereal with Whole Grain, 19.8 oz",Packaged Breakfast Cereals,4.98,$4.98,25.2 ¢/oz
"Honey Bunches of Oats with Almonds, Almond Breakfast Cereal, 12 oz Box",Packaged Breakfast Cereals,3.47,$3.47,28.9 ¢/oz
"Post Oreo Puff Cereal Cup, Crunchy Chocolatey Breakfast, Crunchy Single Serve On-the-Go Sack,  1 oz cup",Packaged Breakfast Cereals,1,$1.00,$1.00/oz
"Kellogg's Corn Pops Breakfast Cereal, Kids Cereal, Family Breakfast, Original, 8.8oz Box (1 Box)",Packaged Breakfast Cereals,3.98,$3.98,45.2 ¢/oz
"Honey Bunches of Oats Honey Roasted Breakfast Cereal with Oats and Granola Clusters, 28 oz Box",Packaged Breakfast Cereals,4.97,$4.97,17.8 ¢/oz
"Chocolate Chex Cereal, Gluten Free Breakfast Cereal, Family Size, 20.3 oz",Packaged Breakfast Cereals,3.67,$3.67,18.1 ¢/oz
"Post Wheat n Bran Shredded Wheat, High Fiber Breakfast Cereal, Certified Kosher, Crunchy 18 oz Box",Packaged Breakfast Cereals,4.18,$4.18,23.2 ¢/oz
"Cocoa Puffs, Chocolatey Breakfast Cereal, Mega Size, 25.8 oz",Packaged Breakfast Cereals,4.97,$4.97,19.3 ¢/oz
"Kellogg's Corn Flakes Breakfast Cereal, 8 Vitamins and Minerals, Family Size, 18 oz",Packaged Breakfast Cereals,4.68,$4.68,26.0 ¢/oz
"Post Cinnamon PEBBLES Cereal, 2 oz Individual Cereal Cup",Packaged Breakfast Cereals,1,$1.00,50.0 ¢/oz
"Nature's Path Organic Breakfast Cereal, Heritage Flakes, 33.5oz Box",Packaged Breakfast Cereals,9.28,$9.28,27.7 ¢/oz
"Great Value Raisin Bran Breakfast Cereal, 16.6 oz",Packaged Breakfast Cereals,2.47,$2.47,14.9 ¢/oz
"Raisin Nut Bran Cereal, High Fiber Cereal, Made with Whole Grain, 20.8 oz",Packaged Breakfast Cereals,4.98,$4.98,23.9 ¢/oz
"Kelloggs Stranger Things Demogorgon Crunch Breakfast Cereal, Collector's Edition, 12.1oz Box (1 Box)",Packaged Breakfast Cereals,4.28,$4.28,35.4 ¢/oz
"Great Value Rice Squares Breakfast Cereal, 12 oz",Packaged Breakfast Cereals,2.72,$2.72,22.7 ¢/oz
"Great Value Snickerdoodle Breakfast Cereal, 16.5 oz",Packaged Breakfast Cereals,2.98,$2.98,18.1 ¢/oz
"Great Value Cinnamon Crunch Breakfast Cereal, 13.2 oz",Packaged Breakfast Cereals,2.24,$2.24,17.0 ¢/oz
"Great Value Vanilla Almond Awake Cereal, 12.4 oz",Packaged Breakfast Cereals,2.86,$2.86,23.1 ¢/oz
"Fiber One Honey Clusters Breakfast Cereal, Fiber Cereal Made with Whole Grain, 17.5 oz",Packaged Breakfast Cereals,5.23,$5.23,29.9 ¢/oz
"Frosted Cheerios, Heart Healthy Cereal, Family Size, 18.4 oz",Packaged Breakfast Cereals,3.77,$3.77,20.5 ¢/oz
"Kellogg's Cocoa Loops Breakfast Cereal, Good Source of Fiber, Made with Cocoa, Family Size, 16.6oz Box (1 Box)",Packaged Breakfast Cereals,4.98,$4.98,30.0 ¢/oz
"Kellogg's Cocoa Loops Go Packs Cereal, Kids Snacks, Lunch Snacks, Original, 9.5oz Box (10 Pouches)",Packaged Breakfast Cereals,5.98,$5.98,62.9 ¢/oz
Cap'n Crunch Berries On the Go Cup 1.3OZ,Packaged Breakfast Cereals,1,$1.00,76.9 ¢/oz
"Mott's Very Berry Cereal, Made with Apple Puree, Whole Grain, Family Size, 21.6 oz",Packaged Breakfast Cereals,4.97,$4.97,23.0 ¢/oz
"Great Value Oven Toasted Corn Squares Cereal, 12 oz",Packaged Breakfast Cereals,2.72,$2.72,22.7 ¢/oz
"Fruity Cheerios, Heart Healthy Whole Grain Oat Cereal, Gluten Free, Family Size, 18.4 oz",Packaged Breakfast Cereals,4.97,$4.97,27.0 ¢/oz
"Multi Grain Cheerios, Heart Healthy Breakfast Cereal, Gluten Free, 9 oz",Packaged Breakfast Cereals,2.98,$2.98,33.1 ¢/oz
General Mills Cereal pouch 8 Count,Packaged Breakfast Cereals,5.26,$5.26,57.5 ¢/oz
"Cap'n Crunch Sweetened Corn & Oat Cereal Oops All Berries Breakfast Cereal, 1.12 oz Cup",Packaged Breakfast Cereals,1,$1.00,90.9 ¢/oz
"Great Value Toasted Corn Flakes Breakfast Cereal, 18 oz",Packaged Breakfast Cereals,2.24,$2.24,12.4 ¢/oz
"Malt-O-Meal Fruity Dyno Bites Cereal, Gluten Free Breakfast Cereal, Crunchy 61 oz Resealable Bag",Packaged Breakfast Cereals,9.83,$9.83,16.1 ¢/oz
"Post Honey Bunches of Oats Honey Roasted Breakfast Cereal, Ready-to-Eat, Crunchy, 2 oz Cereal Cup",Packaged Breakfast Cereals,1,$1.00,50.0 ¢/oz
"Fiber One Breakfast Cereal, Original Bran, 19.6 oz",Packaged Breakfast Cereals,5.23,$5.23,26.7 ¢/oz
"Kelloggs The SpongeBob Movie: Search for SquarePants Breakfast Cereal, Kids Snacks, 13.3oz Box(1 Box)",Packaged Breakfast Cereals,4.28,$4.28,32.2 ¢/oz
"Kashi Breakfast Cereal, Organic, Fiber Cereal, Berry Fruitful, 17.2oz Box (1 Box)",Packaged Breakfast Cereals,5.68,$5.68,33.0 ¢/oz
"Post Premier Protein Mixed Berry Almond Cereal, Mixed Berry Protein Cereal, Crunchy 11 oz Box",Packaged Breakfast Cereals,6.98,$6.98,63.5 ¢/oz
"Nature Valley Honey Almond Cereal, Excellent Source of Fiber, Family Size, 19.8 oz",Packaged Breakfast Cereals,4.93,$4.93,24.9 ¢/oz
"Cheerios Oat Crunch Almond Breakfast Cereal, Made with Whole Grain, Family Size, 24 oz",Packaged Breakfast Cereals,4.97,$4.97,20.7 ¢/oz
"Kelloggs SCOOBY-DOO! Breakfast Cereal, Kids Snacks, Family Size, Cinnamon Crisp, 17.6 oz Box (1 Box)",Packaged Breakfast Cereals,4.98,$4.98,28.3 ¢/oz
"Kellogg's Corn Flakes Breakfast Cereal, 8 Vitamins and Minerals, 9.6 oz",Packaged Breakfast Cereals,3.98,$3.98,41.5 ¢/oz
Cap'n Crunch Mystery Sweetened Corn and Oat Cereal Family Size with Crunchy Texture 22.1 oz,Packaged Breakfast Cereals,4.97,$4.97,22.5 ¢/oz
"Rice Chex Gluten Free Breakfast Cereal, Homemade Chex Mix Ingredient, 12 oz",Packaged Breakfast Cereals,2.18,$2.18,18.2 ¢/oz
"Kashi GO Protein Cereal, 10g Protein, 10g Fiber, Chocolate Crunch, 16oz Box (1 Box)",Packaged Breakfast Cereals,5.68,$5.68,35.5 ¢/oz
"Ratio Trio Vanilla Almond Crunch Cereal, 10g Protein, Keto Friendly, 10.4 oz",Packaged Breakfast Cereals,6.98,$6.98,67.1 ¢/oz
"Kashi GO Protein Cereal, 10g Protein, 10g Fiber, Peanut Butter Crunch, 16.9oz Box (1 Box)",Packaged Breakfast Cereals,5.68,$5.68,33.6 ¢/oz
"Kellogg's Frosted Flakes Breakfast Cereal, Fat Free, Family Size, 21.7 oz",Packaged Breakfast Cereals,4.68,$4.68,21.6 ¢/oz
"Cap'n Crunch Breakfast Cereal Original Express Cup, 1.51oz",Packaged Breakfast Cereals,1,$1.00,66.2 ¢/oz
"Mott's Apple Cinnamon Cereal, Made with Apple Puree, Whole Grain, Family Size, 20.8 oz",Packaged Breakfast Cereals,4.97,$4.97,23.9 ¢/oz
"Kellogg's Special K Strawberry Chocolatey Delight Breakfast Cereal, 11 Vitamins & Minerals, Family Size, 16.3 oz",Packaged Breakfast Cereals,5.23,$5.23,32.1 ¢/oz
"Wheaties Cereal, Breakfast of Champions, Jalen Hurts Box, 100% Whole Wheat Flakes, 15.6 oz",Packaged Breakfast Cereals,4.98,$4.98,31.9 ¢/oz
"Kellogg's Special K Protein Breakfast Cereal, Protein Cereal, Family Breakfast, Family Size, Original Multi-Grain Touch of Cinnamon, 17.5oz Box (1 Box)",Packaged Breakfast Cereals,4.88,$4.88,27.9 ¢/oz
"Total Breakfast Cereal, 100% Daily Value of 11 Vitamins and Minerals, 16 oz",Packaged Breakfast Cereals,5.23,$5.23,32.7 ¢/oz
"Corn Chex Gluten Free Breakfast Cereal, Homemade Chex Mix Ingredient, Family Size, 18 oz",Packaged Breakfast Cereals,4.97,$4.97,27.6 ¢/oz
"Kellogg's Special K Baked Cinnamon Crunch Breakfast Cereal, Good Source of Fiber, Family Size, 17.3 oz",Packaged Breakfast Cereals,5.23,$5.23,30.2 ¢/oz
"Quaker Life Cinnamon, Breakfast Cereal, 13 oz Box",Packaged Breakfast Cereals,3.67,$3.67,28.2 ¢/oz
"Quaker Oatmeal Squares Cinnamon Crunchy Oat Cereal, 21 oz",Packaged Breakfast Cereals,5.16,$5.16,24.6 ¢/oz
"Kellogg's Corn Flakes Breakfast Cereal, 8 Vitamins and Minerals, Mega Size, 25.2 oz",Packaged Breakfast Cereals,5.64,$5.64,22.4 ¢/oz
"Cheerios Veggie Blends Breakfast Cereal, Blueberry Banana, Family Size, 18 oz",Packaged Breakfast Cereals,4.97,$4.97,27.6 ¢/oz
"Bluey Cereal, Crispy Corn Cereal Puffs, Made with Whole Grain, Family Size, 18 oz",Packaged Breakfast Cereals,4.97,$4.97,27.6 ¢/oz
"Malt-O-Meal Cinnamon Toasters Breakfast Cereal, Crunchy Cinnamon Cereal Squares, 49oz Resealable Bag",Packaged Breakfast Cereals,7.83,$7.83,16.0 ¢/oz
"Cheerios Hearty Nut Medley Breakfast Cereal, Maple Cinnamon, Family Size, 20 oz",Packaged Breakfast Cereals,4.97,$4.97,24.9 ¢/oz
"Cream of Wheat 2.5 Minute Hot Cereal, Original Flavor, Kosher, Shelf-Stable, 28 oz Box",Hot Cereal,5.12,$5.12,18.3 ¢/oz
"Post Premier Protein Chocolate Almond Cereal, Chocolatey Protein Cereal, Crunchy 11 oz Box",Packaged Breakfast Cereals,6.98,$6.98,63.5 ¢/oz
"Kelloggs Raisin Bran Breakfast Cereal, High Fiber, 28g Whole Grain, Mega Size, 29.5 oz",Packaged Breakfast Cereals,5.64,$5.64,19.1 ¢/oz
"Cinnamon Toast Crunch Peanut Butter Breakfast Cereal, Family Size, 19.3 oz",Packaged Breakfast Cereals,4.97,$4.97,25.8 ¢/oz
"Kellogg's All Bran Breakfast Cereal, 8 Vitamins and Minerals, High Fiber Cereal, Original, 18.6oz Box (1 Box)",Packaged Breakfast Cereals,5.38,$5.38,28.9 ¢/oz
"Kellogg's Choco Krispis Breakfast Cereal, 9 Vitamins and Minerals, Kids Snacks, Original, 23.3oz Box (1 Box)",Packaged Breakfast Cereals,4.48,$4.48,19.2 ¢/oz
Post Cinnamon Pebbles Cereal - 19.5 oz,Packaged Breakfast Cereals,2.5,$2.50,12.8 ¢/oz
"GHOST PROTEIN CEREAL, CINNAMON TOAST CRUNCH Flavor, 17G Protein, 9.2 oz",Packaged Breakfast Cereals,8.47,$8.47,92.1 ¢/oz
"Strawberry Banana Cheerios, Heart Healthy Gluten Free Breakfast Cereal, Made with Whole Grain Oats, 11.2 oz",Packaged Breakfast Cereals,3.47,$3.47,31.0 ¢/oz
"Wheat Chex Breakfast Cereal, Homemade Chex Mix Ingredient, Family Size, 19 oz",Packaged Breakfast Cereals,4.97,$4.97,26.2 ¢/oz
"Post Spoon Size Shredded Wheat, Whole Grain Breakfast Cereal, High Fiber, Kosher, Crunchy 16.4oz Box",Packaged Breakfast Cereals,4.18,$4.18,25.5 ¢/oz
"Honey Bunches of Oats Vanilla Breakfast Cereal with Crunchy Oats and Granola, Family Size 18 oz Box",Packaged Breakfast Cereals,4.38,$4.38,24.3 ¢/oz
"Kashi Breakfast Cereal, Organic, Whole Grain, Cinnamon Harvest, 18oz Box (1 Box)",Packaged Breakfast Cereals,5.68,$5.68,31.6 ¢/oz
"Confetti Cheerios Breakfast Cereal Cup, Gluten Free, Single Serve Cereal, 1.4 oz",Packaged Breakfast Cereals,1,$1.00,71.4 ¢/oz
"Corn Chex Gluten Free Breakfast Cereal, Homemade Chex Mix Ingredient, 12 oz",Packaged Breakfast Cereals,3,$3.00,25.0 ¢/oz
"Great Value Crunchy Peanut Butter Filled Breakfast Cereal Bites, 18 oz",Packaged Breakfast Cereals,4.27,$4.27,23.7 ¢/oz
"Cheerios Breakfast Cereal Cup, Gluten Free, Single Serve Cereal, 1.3 oz",Packaged Breakfast Cereals,1,$1.00,76.9 ¢/oz
"Cheerios Heart Healthy Cereal, Heart Shapes, Affirmations Box, Mega Size, 24 oz",Packaged Breakfast Cereals,4.97,$4.97,20.7 ¢/oz
Honey Bunches of Oats Protein Honey & Almond Cereal - 15 oz,Packaged Breakfast Cereals,4.97,$4.97,33.1 ¢/oz
"Kellogg's Froot Loops Glazed Donut Holes Breakfast Cereal, Kids Cereal, Family Breakfast, Family Size, Blueberry, 17.8 oz Box",Packaged Breakfast Cereals,4.98,$4.98,28.0 ¢/oz
"Great Value Bite Size Shredded Wheat Breakfast Cereal, 16.4 oz",Packaged Breakfast Cereals,2.78,$2.78,17.0 ¢/oz
"Kellogg's Zucaritas Cold Breakfast Cereal, 6 Vitamins and Minerals, Kids Snacks, Original, 25oz Box (1 Box)",Packaged Breakfast Cereals,4.88,$4.88,19.5 ¢/oz
"Great Value Crunchy Hazelnut & Cocoa Filled Cereal Bites, 18 oz",Packaged Breakfast Cereals,4.27,$4.27,23.7 ¢/oz
"Banana Caramel Cheerios Gluten Free, Limited Edition, Family Size, 18.5 oz",Packaged Breakfast Cereals,4.97,$4.97,26.9 ¢/oz
"Nature Valley Apple Cinnamon Cereal, Excellent Source of Fiber, Family Size, 18.4 oz",Packaged Breakfast Cereals,4.93,$4.93,26.8 ¢/oz
"Cinnamon Cheerios Protein, Breakfast Cereal Cup, Gluten Free, Single Serve Cereal, 1.4 oz",Packaged Breakfast Cereals,1,$1.00,71.4 ¢/oz
"Post WinterFest Fruity PEBBLES Cereal, Gluten Free Breakfast Cereal, 17oz Cereal Box",Packaged Breakfast Cereals,4.93,$4.93,29.0 ¢/oz
"GHOST PROTEIN CEREAL, LUCKY CHARMS Flavor, 17G Protein, 9.4 oz",Packaged Breakfast Cereals,8.47,$8.47,90.1 ¢/oz
"GHOST PROTEIN CEREAL, PEANUT BUTTER Flavor, 18G Protein, 10.8 oz",Packaged Breakfast Cereals,8.47,$8.47,78.4 ¢/oz
"Kashi GO Protein Cereal, 10g Protein, 10g Fiber, Honey Almond Flax Crunch, 17.7oz Box (1 Box)",Packaged Breakfast Cereals,5.42,$5.42,30.6 ¢/oz
"Catalina Crunch Protein Cereal, Cinnamon Toast 9 oz",Packaged Breakfast Cereals,7.32,$7.32,81.3 ¢/oz
"Malt O Meal Quick Cooking Hot Wheat Cereal, Original, Shelf-Stable, Hearty 36 oz Box",Hot Cereal,4.98,$4.98,13.8 ¢/oz
"Wicked Cereal, Elphaba Caramel Apple Flavored, Family Size, 18.1 oz",Packaged Breakfast Cereals,5.29,$5.29,29.2 ¢/oz
"Strawberry Cheerios Protein, Breakfast Cereal Cup, Gluten Free, Single Serve, 1.4 oz",Packaged Breakfast Cereals,1,$1.00,71.4 ¢/oz
"Kellogg's All Bran Buds Breakfast Cereal, 8 Vitamins and Minerals, High Fiber Cereal, Original, 22oz Box (1 Box)",Packaged Breakfast Cereals,5.72,$5.72,26.0 ¢/oz
"Cream of Wheat Instant Hot Cereal, Maple Brown Sugar, Kosher, Shelf-Stable, 10 Count",Hot Cereal,4.82,$4.82,39.2 ¢/oz
"REESE'S PUFFS Dark Chocolate Cereal, with Real REESE'S Peanut Butter, Family Size, 19.7 oz",Packaged Breakfast Cereals,4.97,$4.97,25.2 ¢/oz
"Cheerios Oat Crunch Chocolate Breakfast Cereal, Made with Whole Grain, Family Size, 24 oz",Packaged Breakfast Cereals,4.97,$4.97,20.7 ¢/oz
Honey Bunches of Oats Protein Cinnamon Cereal - 15 oz,Packaged Breakfast Cereals,4.97,$4.97,33.1 ¢/oz
"Magic Spoon Cocoa Grain-Free Breakfast Cereal, 7 oz Box",Packaged Breakfast Cereals,8.88,$8.88,$1.27/oz
"Kellogg's Special K Plus Strawberry Creme High Protein Zero Added Sugar Cereal, 8.1 oz",Packaged Breakfast Cereals,8.38,$8.38,$1.04/oz
"Apple Cinnamon Cheerios, Heart Healthy Gluten Free Breakfast Cereal, 11 oz",Packaged Breakfast Cereals,3.47,$3.47,31.5 ¢/oz
"Cream of Wheat Instant Hot Cereal, Original Flavor, Kosher, Shelf-Stable, 12 Packets",Hot Cereal,5.12,$5.12,42.7 ¢/oz
"Ratio Trio Maple Almond Crunch Cereal, 10g Protein, Keto Friendly, 10.4 oz",Packaged Breakfast Cereals,6.98,$6.98,67.1 ¢/oz
"Great Value Crunchy Cinnamon Filled Cereal Bites, 18 oz",Packaged Breakfast Cereals,4.27,$4.27,23.7 ¢/oz
"Magic Spoon Fruity Grain-Free Breakfast Cereal, 7 oz Box",Packaged Breakfast Cereals,8.88,$8.88,$1.27/oz
"NuTrail Nut Granola Cereal, Honey Nut, No Sugar Added, Keto, Gluten Free,  11 oz. 1 Count",Packaged Breakfast Cereals,9.28,$9.28,84.4 ¢/oz
"Honey Nut Cheerios Gluten-Free Breakfast Cereal, 19.5 oz",Packaged Breakfast Cereals,3.98,$3.98,20.4 ¢/oz
"Catalina Crunch Protein Cereal, Dark Chocolate 9 oz",Packaged Breakfast Cereals,7.32,$7.32,81.3 ¢/oz
"Catalina Crunch Protein Cereal, Blueberry Muffin With Real Blueberries 8 oz",Packaged Breakfast Cereals,7.32,$7.32,91.5 ¢/oz
"Annies Cookie Crunch Original Cereal, Organic, Gluten Free, Whole Grain, 9.9 oz",Packaged Breakfast Cereals,4.47,$4.47,45.2 ¢/oz
"Annies Cookie Crunch Sprinkle Cereal, Organic, Gluten Free, Whole Grain, 9.5 oz",Packaged Breakfast Cereals,4.47,$4.47,47.1 ¢/oz
Catalina Crunch Strawberry Strudel Protein Cereal 8oz,Packaged Breakfast Cereals,7.32,$7.32,91.5 ¢/oz
"Kellogg's Frosted Flakes Go Packs Cereal, Kids Snacks, Lunch Snacks, Original, 12oz Box (10 Pouches)",Packaged Breakfast Cereals,6.39,$6.39,53.3 ¢/oz
"Magic Spoon Peanut Butter Grain-Free Breakfast Cereal, 7 oz Box",Packaged Breakfast Cereals,8.88,$8.88,$1.27/oz
"Three Wishes Grain Free Cereal, Cinnamon, Gluten-Free",Packaged Breakfast Cereals,6.64,$6.64,77.2 ¢/oz
"Catalina Crunch Protein Cereal, Honey Graham 9 oz",Packaged Breakfast Cereals,7.32,$7.32,81.3 ¢/oz
"Cheerios Granola, Honey Nut, Good Source of Fiber, 10.5 oz",Granola,4.66,$4.66,44.4 ¢/oz
"Gerber Toddler Food, Oatmeal and Barley Strawberry Banana Cereal, Toddler Oatmeal 4.5 oz",Baby Foods,2.47,$2.47,54.9 ¢/oz
"(3 pack) Kellogg's Choco Krispis Breakfast Cereal, 9 Vitamins and Minerals, Kids Snacks, Original, 23.3oz Box (1 Box)",Packaged Breakfast Cereals,13.44,$13.44,19.2 ¢/oz
"Gerber Mealtime for Toddler, Oatmeal & Barley Cereal, Apple Cinnamon, 4.5 oz",Baby Cereals,2.47,$2.47,54.9 ¢/oz
"(3 pack) Malt-O-Meal Coco Wheats Original Creamy Breakfast Cereal, Quick Cooking, Kosher, Hearty 28 oz Box",Packaged Breakfast Cereals,14.22,$14.22,16.9 ¢/oz
"Catalina Crunch Protein Cereal Fruity, 8 oz",Packaged Breakfast Cereals,7.32,$7.32,91.5 ¢/oz
Catalina Crunch Peanut Butter Granola 8oz,Granola,7.32,$7.32,91.5 ¢/oz
"(3 pack) Cream of Wheat Instant Hot Cereal, Original Flavor, Kosher, Shelf-Stable, 12 Packets",Hot Cereal,15.36,$15.36,42.7 ¢/oz
"Kelloggs Special K Granola, Protein Granola, Fiber Snacks, Vanilla and Almond, 11oz Bag (1 Bag)",Granola,4.68,$4.68,42.5 ¢/oz
Catalina Crunch Honey Cashew Granola 8oz,Granola,7.32,$7.32,91.5 ¢/oz
"Kashi Gut Health Blueberry Almond Granola, Prebiotics and High Fiber, Whole Grain, 8 oz",Granola,6.28,$6.28,78.5 ¢/oz
"Seven Sundays Bright Side Triple Berry breakfast Granola, Gluten Free, 8 oz, 1 Bag",Granola,6.96,$6.96,87.0 ¢/oz
"Magic Spoon Grain-Free Honey Almond Protein Granola Bag, 8 oz",Granola,8.88,$8.88,$1.11/oz
"(5 pack) Kellogg's Zucaritas Cold Breakfast Cereal, 6 Vitamins and Minerals, Kids Snacks, Original, 25oz Box (1 Box)",Packaged Breakfast Cereals,24.4,$24.40,19.5 ¢/oz
"KIND Peanut Butter, Protein Max Granola, 9.0 oz",Granola,5.54,$5.54,61.6 ¢/oz
"Kashi Gut Health Chocolate Almond Butter Granola, Prebiotics and High Fiber, Whole Grain, 8 oz",Granola,6.28,$6.28,78.5 ¢/oz
"(3 pack) Cascadian Farm Organic Cinnamon Crunch Cereal, Family Size, 14.5 oz",Packaged Breakfast Cereals,17.28,$17.28,39.7 ¢/oz
"Magic Spoon Grain-Free Peanut Butter Protein Granola Bag, 8 oz",Granola,8.88,$8.88,$1.11/oz
"Kraft Singles American Slices, 24 ct Pack",Cheeses,4.68,$4.68,29.3 ¢/oz
"Frigo® Cheese Heads® Original Mozzarella String Cheese Snacks, 36 oz, 36 Count",Cheeses,12.47,$12.47,34.6 ¢/oz
"Kaukauna Sharp Cheddar Clean Label Spreadable Cheese Ball, 6oz, Plastic Vacuum Wrapped. Refrigerated",Cheeses,3.46,$3.46,57.7 ¢/oz
"Great Value Fiesta Blend Finely Shredded Cheese, 8 oz Bag",Cheeses,1.87,$1.87,23.4 ¢/oz
"Great Value Colby Jack Finely Shredded Cheese, 8 oz Bag",Cheeses,1.87,$1.87,23.4 ¢/oz
"Cacique Ranchero Queso Fresco Mexican Cheese, Part Skim Milk, 10 oz (Refrigerated)",Cheeses,3.17,$3.17,31.7 ¢/oz
"V&V Supremo Shredded Chihuahua Authentic Mexican Style Quesadilla Cheese, Gluten-Free, 32 oz",Cheeses,10.97,$10.97,34.3 ¢/oz
"Boursin Garlic & Fine Herbs Spreadable Gourmet Cheese, 5.3 oz., Puck in a Box. Refrigerated",Cheeses,5.46,$5.46,$1.05/oz
"Great Value Individually Plastic Wrapped Singles American Cheese Product, 16 oz Package, 24 Slices",Cheeses,2.48,$2.48,15.5 ¢/oz
"Great Value Colby Jack Deli Style Sliced Cheese, 8 oz Package, 12 Slices",Cheeses,1.72,$1.72,21.5 ¢/oz
"Velveeta Original Pasteurized Recipe Cheese Product, 16 oz Block",Cheese Dips & Spreads,5.48,$5.48,34.3 ¢/oz
"Kraft Singles 2% Pasteurized Prepared Cheese Product American Slices, 22 ct Pack",Cheeses,4.68,$4.68,31.8 ¢/oz
"Great Value Fiesta Cheese Finely Shredded Blend, 32 oz Bag",Cheeses,5.97,$5.97,18.7 ¢/oz
"Great Value Triple Cheddar Finely Shredded Cheese, 8 oz Bag",Cheeses,1.87,$1.87,23.4 ¢/oz
"Great Value Colby & Monterey Jack Block Cheese, 8 oz Chunk",Cheeses,1.87,$1.87,23.4 ¢/oz
"Great Value Pepper Jack Deli Style Sliced Cheese, 8 oz Package, 12 Slices",Cheeses,1.72,$1.72,21.5 ¢/oz
"Great Value Mild Cheddar Finely Shredded Cheese, 8 oz Bag",Cheeses,1.87,$1.87,23.4 ¢/oz
"Great Value Block Sharp Cheddar Cheese, 16 oz",Cheeses,3.58,$3.58,22.4 ¢/oz
"Great Value Sharp Cheddar Finely Shredded Cheese, 8 oz Bag",Cheeses,1.87,$1.87,23.4 ¢/oz
"Babybel Original Flavored Snack Cheese, 12.7 oz, 18 Count Net. Refrigerated",Cheeses,9.78,$9.78,77.0 ¢/oz
"Kraft Deli Deluxe American Cheese Slices, 16 oz Pack, 24 Slices",Cheeses,7.28,$7.28,45.5 ¢/oz
"El Mexicano Casero Queso Fresco, Fresh Crumbling Cheese, 10 oz Refrigerated",Cheeses,2.97,$2.97,29.7 ¢/oz
"Great Value Deli Style Sliced Non-Smoked Provolone Cheese, 8 oz Package, 12 Slices",Cheeses,1.72,$1.72,21.5 ¢/oz
"Great Value Fiesta Blend Finely Shredded Cheese, 16 oz Bag",Cheeses,3.48,$3.48,21.8 ¢/oz
"Great Value Sharp Cheddar Deli Style Sliced Cheese, 8 oz Package, 12 Slices",Cheeses,1.72,$1.72,21.5 ¢/oz
"Great Value Colby & Monterey Jack Shredded Cheese, 32 oz Bag",Cheeses,5.97,$5.97,18.7 ¢/oz
"Great Value Low-Moisture Part-Skim Mozzarella Shredded  Cheese, 32 oz Bag",Cheeses,5.97,$5.97,18.7 ¢/oz
"Great Value Colby & Monterey Jack Block Cheese, 16 oz Chunk",Cheeses,3.58,$3.58,22.4 ¢/oz
Kraft Mexican Style Four Cheese Finely Shredded Natural Cheese 8oz Bag,Cheeses,2.98,$2.98,37.3 ¢/oz
"Sargento® Shredded 4 Cheese Mexican Natural Cheese, Fine Cut, 8 oz.",Cheeses,2.97,$2.97,37.1 ¢/oz
"Sargento® Shredded 4 State Cheddar® Natural Cheese, 7.5 oz.",Cheeses,2.97,$2.97,39.6 ¢/oz
"La Morenita Queso Fresco Fresh Crumbling Cheese, 10 oz",Cheeses,2.97,$2.97,29.7 ¢/oz
"Great Value Mild Cheddar Deli Style Sliced Cheese, 8 oz Package, 12 Slices",Cheeses,1.72,$1.72,21.5 ¢/oz
"Kraft Singles American Slices, 16 ct Pack",Cheeses,3.86,$3.86,32.2 ¢/oz
"Great Value Pepper Jack Block Cheese, 8 oz Chunk",Cheeses,1.87,$1.87,23.4 ¢/oz
"Great Value Mozzarella String Cheese Sticks, 12 oz Bag, 12 Count (Refrigerated)",Cheeses,3.28,$3.28,27.3 ¢/oz
"Great Value Parmesan Finely Shredded Cheese, 6 oz Bag",Cheeses,1.83,$1.83,30.5 ¢/oz
"Sargento Sliced Sharp Natural Cheddar Cheese, 11 slices",Cheeses,2.97,$2.97,37.1 ¢/oz
"Great Value Finely Shredded Reduced Fat Fiesta Cheese Blend, 7 oz",Cheeses,1.87,$1.87,26.7 ¢/oz
"Great Value Sharp Cheddar Finely Shredded Cheese, 16 oz Bag",Cheeses,3.48,$3.48,21.8 ¢/oz
"Great Value Individually Plastic Wrapped Singles American Cheese Product, 12 oz Package, 16 Slices",Cheeses,1.88,$1.88,15.7 ¢/oz
"Great Value Swiss Deli Style Sliced Cheese, 8 oz Package 12 Slices",Cheeses,1.72,$1.72,21.5 ¢/oz
"Great Value Cubed Colby & Monterey Jack Cheese, 8 oz, Bag",Cheeses,1.97,$1.97,24.6 ¢/oz
"Great Value Muenster Deli Style Sliced Cheese, 8 oz Package, 12 Slices",Cheeses,1.72,$1.72,21.5 ¢/oz
"Great Value Taco Blend Finely Shredded Cheese, 8 oz Bag",Cheeses,1.87,$1.87,23.4 ¢/oz
"Great Value Individually Plastic Wrapped Singles White American Cheese Product, 16 oz Package, 24 Slices",Cheeses,2.48,$2.48,15.5 ¢/oz
"Great Value Mild Cheddar Block Cheese, 8 oz Chunk",Cheeses,1.87,$1.87,23.4 ¢/oz
"Great Value Grated Parmesan Cheese, 8 oz Shaker",Cheeses,2.98,$2.98,37.3 ¢/oz
"Tillamook Farmstyle Shredded Triple Cheddar Cheese, 8 oz",Cheeses,3.98,$3.98,49.8 ¢/oz
"Great Value 4% Milkfat Minimum Small Curd Cottage Cheese, 24 oz",Cheeses,2.87,$2.87,12.0 ¢/oz
"Great Value Mild Cheddar Shredded Cheese, 32 oz Bag",Cheeses,5.97,$5.97,18.7 ¢/oz
"Tillamook Shredded Sharp Cheddar Cheese, 32 ozs",Cheeses,12.97,$12.97,40.5 ¢/oz
Kraft Mexican Style Four Cheese Finely Shredded Natural Cheese 16oz Bag,Cheeses,5.64,$5.64,35.3 ¢/oz
"Frigo Cheese Heads Original Mozzarella String Cheese Snacks, 16 oz, 16 Count",Cheeses,5.97,$5.97,37.3 ¢/oz
"Great Value Sharp Cheddar Finely Shredded Cheese, 32 oz Bag",Cheeses,5.97,$5.97,18.7 ¢/oz
"Babybel Original Flavored Snack Cheese, 8.5 oz, 12 Count Net. Refrigerated",Cheeses,6.98,$6.98,82.1 ¢/oz
"Great Value Deluxe American Cheese Slices, 16 oz Package, 24 Slices",Cheeses,3.97,$3.97,24.8 ¢/oz
Kraft Triple Cheddar Finely Shredded Natural Cheese 8oz Bag,Cheeses,2.98,$2.98,37.3 ¢/oz
"Great Value Colby & Monterey Jack Cheese Snack, 9 oz Bag, 12 Cheese Sticks",Cheeses,2.68,$2.68,29.8 ¢/oz
"Great Value Italian Style Finely Shredded Cheese, 8 oz Bag",Cheeses,1.87,$1.87,23.4 ¢/oz
"Great Value Colby Jack Finely Shredded Cheese, 16 oz Bag",Cheeses,3.48,$3.48,21.8 ¢/oz
"Great Value Medium Cheddar Block Cheese, 8 oz Chunk",Cheeses,1.87,$1.87,23.4 ¢/oz
"La Chona Quesadilla Premium Quality Mexican Style Melting Cheese, Shredded, Refrigerated, 16 oz.",Cheeses,5.77,$5.77,36.1 ¢/oz
"La Morenita Queso Quesadilla, Chihuahua-Style Melting Cheese, 16 oz, Resealable Plastic Bag, Refrigerated",Cheeses,5.77,$5.77,36.1 ¢/oz
"Sargento Shredded 4 State Cheddar Natural Cheese, 7.5 oz.",Cheeses,2.97,$2.97,39.6 ¢/oz
"Great Value Low-Moisture Part-Skim Mozzarella String Cheese, 24 oz Bag, 24 Count",Cheeses,6.34,$6.34,26.4 ¢/oz
VELVEETA 36 OZ PROCESSED CHEESE-LOAF REGULAR 1 BOX/CARTON EACH,Cheese Dips & Spreads,7.48,$7.48,23.4 ¢/oz
"Great Value Mild Cheddar Block Cheese, 16 oz Chunk",Cheeses,3.58,$3.58,22.4 ¢/oz
"Sargento Sliced Colby-Jack Natural Cheese, 11 slices",Cheeses,2.97,$2.97,39.6 ¢/oz
"Great Value Queso Quesadilla Shredded Cheese, 16 oz Bag",Cheeses,3.48,$3.48,21.8 ¢/oz
"Great Value Low-Moisture Part-Skim Mozzarella Finely Shredded Cheese, 16 oz Package",Cheeses,3.48,$3.48,21.8 ¢/oz
"Great Value Cracker Cuts Sliced Colby & Monterey Jack Cheese, 10 oz",Cheeses,2.97,$2.97,29.7 ¢/oz
"Great Value Monterey Jack Block Cheese, 16 oz Chunk",Cheeses,3.58,$3.58,22.4 ¢/oz
"Daisy Pure and Natural Cottage Cheese, 4% Milkfat, 24 oz (1.5 lb) Tub (Refrigerated) - 13g of Protein Per Serving",Cheeses,4.36,$4.36,18.2 ¢/oz
"Sargento Sliced Pepper Jack Natural Cheese, 10 slices",Cheeses,2.97,$2.97,39.6 ¢/oz
Kraft Mozzarella Shredded Cheese 8 oz Bag,Cheeses,2.98,$2.98,37.3 ¢/oz
"Sargento Sliced Mild Natural Cheddar Cheese, 11 slices",Cheeses,2.97,$2.97,37.1 ¢/oz
"Kraft Sharp Cheddar Shredded Cheese, 8 oz Bag",Cheeses,2.98,$2.98,37.3 ¢/oz
"Sargento Shredded 4 Cheese Mexican Natural Cheese, Fine Cut, 8 oz.",Cheeses,2.97,$2.97,37.1 ¢/oz
"Great Value Cracker Cut Sliced 4 Cheese Tray, 16 oz",Cheeses,4.98,$4.98,31.1 ¢/oz
"Great Value Extra Sharp Cheddar Shredded Cheese, 8 oz Bag",Cheeses,1.74,$1.74,21.8 ¢/oz
"Great Value Monterey Jack Shredded Cheese, 8 oz Bag",Cheeses,1.87,$1.87,23.4 ¢/oz
"Great Value Whole Milk Low-Moisture Mozzarella Shredded Cheese, 8 oz Bag",Cheeses,1.87,$1.87,23.4 ¢/oz
"Great Value Mild Cheddar Shredded Cheese, 8 oz Bag",Cheeses,1.97,$1.97,24.6 ¢/oz
"Kraft Signature Shredded Natural Cheese Cheddar Blend, 8 oz. (Refrigerated)",Cheeses,2.98,$2.98,37.3 ¢/oz
"Great Value Shredded Pizza Cheese Blend, 8 oz Bag",Cheeses,1.87,$1.87,23.4 ¢/oz
"Great Value Extra Sharp Cheddar Block Cheese, 8 oz Chunk",Cheeses,1.87,$1.87,23.4 ¢/oz
"Great Value Medium Cheddar Block Cheese, 16 oz Chunk",Cheeses,3.58,$3.58,22.4 ¢/oz
"Sargento Sliced Baby Swiss Natural Cheese, 11 slices",Cheeses,2.97,$2.97,42.4 ¢/oz
"Great Value Deli Style Sliced Gouda Cheese, 8 oz Package, 12 Slices",Cheeses,1.72,$1.72,21.5 ¢/oz
"Tillamook Medium Cheddar Cheese Snack Portions, 7.5 oz, 10 Count",Cheeses,3.98,$3.98,53.1 ¢/oz
"The Laughing Cow Original Spreadable Swiss Cheese Wedge, 5.4 oz Box. Refrigerated",Cheeses,3.97,$3.97,73.5 ¢/oz
"Sargento Sliced Gouda Natural Cheese, 10 slices",Cheeses,2.97,$2.97,42.4 ¢/oz
"El Mexicano Cremoso Queso Fresco, Fresh Crumbling Cheese, 10 oz Refrigerated",Cheeses,3.16,$3.16,31.6 ¢/oz
"Great Value Sharp Cheddar Snack Cheese, 9 oz, 12 Count",Cheeses,2.68,$2.68,29.8 ¢/oz
"Sargento Sliced Provolone Natural Cheese with Natural Smoke Flavor, 12 slices",Cheeses,2.97,$2.97,37.1 ¢/oz
"Great Value Colby Jack Deli Style Sliced Cheese, 16 oz Package, 24 Slices",Cheeses,3.78,$3.78,23.6 ¢/oz
"Great Value Colby & Monterey Jack Snack Cheese, 9 oz, 12 Sticks (Plastic Packaging)",Cheeses,2.68,$2.68,29.8 ¢/oz
"Land O Lakes White Deli American Cheese Product, Deli Sliced to Order",Cheeses,7.92,$7.92,
"Great Value Singles, American Pasteurized Prepared Cheese Product, 48 oz Package, 72 Count",Cheeses,6.96,$6.96,14.5 ¢/oz
"Great Value Pepper Jack Shredded Cheese, 8 oz Bag",Cheeses,1.87,$1.87,23.4 ¢/oz
"Great Value Cream Cheese Brick, 8 oz Block",Cream Cheese,1.56,$1.56,19.5 ¢/oz
"Great Value Hot Jalapeno & Habanero Jack Deli Style Sliced Cheese, 8 oz Package, 12 Slices",Cheeses,1.72,$1.72,21.5 ¢/oz
"Sargento Sliced Muenster Natural Cheese, 11 Slices",Cheeses,2.97,$2.97,37.1 ¢/oz
"Great Value Low-Moisture Part-Skim Mozzarella Block Cheese, 16 oz Chunk",Cheeses,3.58,$3.58,22.4 ¢/oz
"Great Value Mild Cheddar Finely Shredded Cheese, 16 oz Bag",Cheeses,3.48,$3.48,21.8 ¢/oz
"Sargento Natural American Sliced Cheese, 12 Slices",Cheeses,3.38,$3.38,42.3 ¢/oz
"Great Value Sharp Cheddar Deli Style Sliced Cheese, 16 oz Package, 24 Slices",Cheeses,3.78,$3.78,23.6 ¢/oz
"Great Value Cubed Mild Cheddar Cheese, 8 oz",Cheeses,1.97,$1.97,24.6 ¢/oz
"Sargento Colby-Jack Natural Cheese Snack Sticks, 12-Count",Cheeses,4.94,$4.94,54.9 ¢/oz
"Great Value Fat-Free Individually Wrapped Singles American Cheese Product, 12 oz Package, 16 Slices",Cheeses,1.88,$1.88,15.7 ¢/oz
"Great Value Low-Moisture Part-Skim Deli Style Sliced Mozzarella Cheese, 8 oz Package, 12 Slices",Cheeses,1.72,$1.72,21.5 ¢/oz
Dutchmark Smoked Gouda Cheese 7 oz,Cheeses,3.94,$3.94,56.3 ¢/oz
"Great Value Individually Plastic Wrapped Singles American Cheese Product, 24 oz Package, 32 Slices",Cheeses,3.68,$3.68,15.3 ¢/oz
"Great Value Light Mozzarella String Cheese Snack, 10 oz Bag, 12 Cheese Sticks",Cheeses,3.28,$3.28,32.8 ¢/oz
"Great Value Extra Sharp Cheddar Block Cheese, 16 oz Chunk",Cheeses,3.58,$3.58,22.4 ¢/oz
"Great Value Melt'n Dip Easy Melting Cheese, 32 oz Block",Cheeses,5.28,$5.28,16.5 ¢/oz
"Daisy Pure and Natural Low Fat Cottage Cheese, 2% Milkfat, 24 oz (1.5 lb) Tub (Refrigerated)  13g of Protein per Serving",Cheeses,4.36,$4.36,18.2 ¢/oz
"Sargento Sliced Swiss Natural Cheese, 11 slices",Cheeses,2.97,$2.97,42.4 ¢/oz
"Tillamook Extra Sharp White Cheddar Cheese Block, 8 oz (Aged 2 Years)",Cheeses,3.88,$3.88,48.5 ¢/oz
"Kraft Mild Cheddar Finely Shredded Cheese, 8 oz Bag",Cheeses,2.98,$2.98,37.3 ¢/oz
"Sargento Natural String Cheese Snacks, 12-Count",Cheeses,4.94,$4.94,41.2 ¢/oz
"Great Value Medium Cheddar Shredded Cheese, 8 oz Bag",Cheeses,1.87,$1.87,23.4 ¢/oz
"Galbani Whole Milk Mozzarella String Cheese, 16 oz, 16 Ct (Refrigerated)",Cheeses,4.97,$4.97,31.1 ¢/oz
"Great Value Monterey Jack Block Cheese, 8 oz Chunk",Cheeses,1.87,$1.87,23.4 ¢/oz
"Sargento Reserve Series Sliced Aged White Natural Cheddar Cheese, 10 slices",Cheeses,2.97,$2.97,42.4 ¢/oz
"Tillamook Farmstyle Medium Cheddar Sliced Cheese, 8 oz, 9 Count",Cheeses,3.98,$3.98,49.8 ¢/oz
"Great Value 2% Milkfat Lowfat Small Curd Cottage Cheese, 24 oz Tub (Refrigerated)",Cheeses,2.87,$2.87,12.0 ¢/oz
"BelGioioso Parmesan Cheese Wedge Specialty Hard Cheese, 8 oz Refrigerated Plastic Packet",Cheeses,5.42,$5.42,67.8 ¢/oz
"Tillamook Medium Cheddar Cheese Block, 16 oz (Aged 60 Days)",Cheeses,6.97,$6.97,43.6 ¢/oz
"Kraft Signature Shredded Natural Cheese Mexican Blend, 8 oz. (Refrigerated)",Cheeses,2.98,$2.98,37.3 ¢/oz
"Red Apple Cheese Apple Smoked Natural Gouda, 8 oz Round",Cheeses,4.72,$4.72,59.0 ¢/oz
"Frigo Shredded Parmesan Cheese, 5 oz Refrigerated Plastic Cup",Cheeses,3.44,$3.44,68.8 ¢/oz
"Frigo Parmesan Cheese Wedge, 5 oz Plastic Wrap Refrigerated Hard Cheese",Cheeses,3.44,$3.44,68.8 ¢/oz
"Great Value Low-Moisture Part-Skim Mozzarella Shredded Cheese, 16 oz Bag",Cheeses,3.48,$3.48,21.8 ¢/oz
"Frigo Cheese Heads Variety Assortment of Original String Cheese, Cheddarella and Colby Jack, 20 oz, 24 Count",Cheeses,8.88,$8.88,44.4 ¢/oz
Kraft Sharp Cheddar Shredded Cheese 16 oz Bag,Cheeses,5.64,$5.64,35.3 ¢/oz
"Great Value Colby & Monterey Jack Block Cheese, 32 oz Chunk",Cheeses,6.96,$6.96,21.8 ¢/oz
"Great Value Pepper Jack Block Cheese, 16 oz Chunk",Cheeses,3.58,$3.58,22.4 ¢/oz
"Great Value Deluxe American Cheese Slices, 48 oz Package, 72 Slices",Cheeses,11.24,$11.24,23.4 ¢/oz
"Velveeta Slices Sharp Cheddar Cheese, 16 ct Pack",Cheeses,2.97,$2.97,24.8 ¢/oz
"Prima Della Muenster Cheese, Deli Sliced (Refrigerated Bag)",Cheeses,7.92,$7.92,
"Great Value Swiss Block Cheese, 8 oz Chunk",Cheeses,1.87,$1.87,23.4 ¢/oz
"Great Value Fiesta Blend Finely Shredded Cheese, 5 Pound Bag",Cheeses,14.88,$14.88,18.6 ¢/oz
"Great Value Extra Sharp Cheddar Shredded Cheese, 16 oz Bag",Cheeses,3.48,$3.48,21.8 ¢/oz
"Great Value Deli Style Sliced Extra Sharp Cheddar Cheese, 8 oz Resealable Plastic Bag, 12 Slices",Cheeses,1.72,$1.72,21.5 ¢/oz
"Sargento Sliced Colby-Jack Natural Cheese, 24 slices",Cheeses,5.88,$5.88,36.8 ¢/oz
"Great Value 4% Milkfat Minimum Large Curd Cottage Cheese, 24 oz",Cheeses,2.87,$2.87,12.0 ¢/oz
"Kraft Italian Five Cheese Blend Shredded Cheese, 8 oz Bag",Cheeses,2.98,$2.98,37.3 ¢/oz
"Great Value Low-Moisture Part-Skim Mozzarella & Provolone Finely Shredded Cheese, 16 oz Bag",Cheeses,3.48,$3.48,21.8 ¢/oz
"Sargento Colby-Jack Natural Cheese Ultra Thin Slices, 20 slices",Cheeses,2.97,$2.97,39.1 ¢/oz
"Great Value Medium Cheddar Shredded Cheese, 16 oz Bag",Cheeses,3.48,$3.48,21.8 ¢/oz
"Great Value Cracker Cuts Sliced Sharp Cheddar Cheese, 10 oz, 30 Count",Cheeses,2.97,$2.97,29.7 ¢/oz
"Great Value Pepper Jack Cheese Snack, 9 oz Bag, 12 Cheese Sticks",Cheeses,2.68,$2.68,29.8 ¢/oz
"Great Value Medium Cheddar Deli Style Sliced Cheese, 8 oz Package, 12 Slices",Cheeses,1.72,$1.72,21.5 ¢/oz
"Great Value 4% Milkfat Minimum Small Curd Cottage Cheese, 48 oz",Cheeses,5.46,$5.46,11.4 ¢/oz
"Kraft Mozzarella Shredded Cheese with a Touch of Cream Cheese for a Creamy Melt, 16 oz Bag",Cheeses,5.64,$5.64,35.3 ¢/oz
"Great Value Colby & Monterey Jack Snacking Cheese, 27 oz Bag, 36 Cheese Snacks",Cheeses,8.98,$8.98,33.3 ¢/oz
"Land O Lakes Yellow Deli American Cheese Product, Deli Sliced to Order",Cheeses,7.92,$7.92,
"Frigo Cheese Heads Original Mozzarella String Cheese Snacks, 24 oz, 24 Count",Cheeses,8.88,$8.88,37.0 ¢/oz
"Cracker Barrel Cracker Cuts Pepper Jack, Cheddar Jack, Asiago & Extra Sharp Cheddar Cheese Slice Variety Pack, 48 ct Tray",Cheeses,8.48,$8.48,53.0 ¢/oz
"Great Value Mild Cheddar Cheese Snack, 9 oz Bag, 12 Cheese Sticks",Cheeses,2.68,$2.68,29.8 ¢/oz
"Paw Patrol Part-Skim Mozzarella String Cheese Snack, 10 oz Bag, 12 Cheese Sticks",Cheeses,4.26,$4.26,42.6 ¢/oz
"Frigo Cheese Heads Original Mozzarella String Cheese Snacks, 36 oz, 36 Count",Cheeses,12.47,$12.47,34.6 ¢/oz
"Sargento Provolone Natural Cheese with Natural Smoke Flavor Ultra Thin Slices, 20 slices",Cheeses,2.97,$2.97,39.1 ¢/oz
"Great Value Grated Parmesan Cheese, 16 oz Bottle",Cheeses,5.48,$5.48,34.3 ¢/oz
Kraft Mozzarella Shredded Natural Cheese 16oz Bag,Cheeses,5.64,$5.64,35.3 ¢/oz
"Great Value Non-Smoked Provolone Deli Style Sliced Cheese, 16 oz Bag, 24 Slices",Cheeses,3.78,$3.78,23.6 ¢/oz
"Great Value Sharp Cheddar Cheese Snack, 9 oz Bag, 12 Cheese Sticks",Cheeses,2.56,$2.56,28.4 ¢/oz
"Great Value Italian Style Finely Shredded Cheese, 16 oz Bag",Cheeses,3.48,$3.48,21.8 ¢/oz
"Daisy Pure and Natural Cottage Cheese, 4% Milkfat, 16 oz (1 lb) Tub (Refrigerated)  13g of Protein per Serving",Cheeses,3.54,$3.54,22.1 ¢/oz
"Sargento Shredded 4 Cheese Mexican Natural Cheese, Fine Cut, 16 oz.",Cheeses,5.94,$5.94,37.1 ¢/oz
"La Morenita Queso Fresco Fresh Crumbling Cheese, 24 oz",Cheeses,7.47,$7.47,31.1 ¢/oz
"Sargento Sliced Havarti Natural Cheese, 10 slices",Cheeses,2.97,$2.97,42.4 ¢/oz
"Prima Della Pepper Jack Cheese, Deli-Sliced (Refrigerated)",Cheeses,7.92,$7.92,
"Great Value Mild Cheddar Fat Free Shredded Cheese, 7 oz Bag",Cheeses,1.87,$1.87,26.7 ¢/oz
"Sargento Sharp Natural Cheddar Cheese Ultra Thin Slices, 18 slices",Cheeses,2.97,$2.97,43.7 ¢/oz
"SargentoSharp Natural Cheddar Cheese Snack Sticks, 12-Count",Cheeses,4.94,$4.94,54.9 ¢/oz
"BelGioioso Fresh Mozzarella Cheese Pearls Mini Snacking Cheese, 8 oz Refrigerated Plastic Packet",Cheeses,4.26,$4.26,53.3 ¢/oz
"Great Value Mild Cheddar Block Cheese, 32 oz Chunk",Cheeses,6.96,$6.96,21.8 ¢/oz
"Great Value Colby & Monterey Jack Cheese Snack, 27 oz Bag, 36 Cheese Sticks",Cheeses,8.98,$8.98,33.3 ¢/oz
"Sargento Sliced Medium Natural Cheddar Cheese, 11 slices",Cheeses,2.97,$2.97,37.1 ¢/oz
"Sargento Pepper Jack Natural Cheese Snack Sticks, 12-Count",Cheeses,4.94,$4.94,54.9 ¢/oz
"Galbani Low Moisture Part Skim Mozzarella String Cheese, 16 oz, 16 Ct (Refrigerated)",Cheeses,4.97,$4.97,31.1 ¢/oz
"Great Value Whole Milk Low Moisture Mozzarella String Cheese Sticks, 12 Count Bag (Refrigerated)",Cheeses,3.28,$3.28,27.3 ¢/oz
"bettergoods Farmhouse Style Shredded Cheddar, Gouda, and Gruyere Cheeses, 7 oz",Cheeses,2.67,$2.67,38.1 ¢/oz
"Alouette Garlic & Herbs Soft Spreadable Cheese, 6.5 oz (Fresh)",Cheese Dips & Spreads,5.24,$5.24,80.6 ¢/oz
"Kraft Colby Jack Finely Shredded Cheese, 16 oz Bag",Cheeses,5.64,$5.64,35.3 ¢/oz
"Frigo Shaved Parmesan Cheese, 5 oz Refrigerated Plastic Cup",Cheeses,3.44,$3.44,68.8 ¢/oz
"Kraft Sharp Cheddar Finely Shredded Cheese, 8 oz Bag",Cheeses,2.98,$2.98,37.3 ¢/oz
"Tillamook Whole Extra Sharp Cheddar Cheese Block, 32 oz (Aged 15 Months)",Cheeses,12.48,$12.48,39.0 ¢/oz
"Great Value Pepper Jack Deli Style Sliced Cheese, 16 oz, 24 Slices",Cheeses,4.22,$4.22,26.4 ¢/oz
"Great Value Cracker Cuts Sliced Pepper Jack Cheese, 10 oz",Cheeses,2.97,$2.97,29.7 ¢/oz
"Great Value Taco Cheese Blend Finely Shredded Cheese, 32 oz Bag",Cheeses,5.97,$5.97,18.7 ¢/oz
"Great Value Sharp Cheddar Block Cheese, 32 oz Chunk",Cheeses,6.96,$6.96,21.8 ¢/oz
"Kraft Mexican Style Four Cheese Blend Shredded Cheese with 2% Milk, 14 oz Bag",Cheeses,5.64,$5.64,40.3 ¢/oz
"Great Value Extra Sharp Cheddar Block Cheese, 32 oz Chunk",Cheeses,6.96,$6.96,21.8 ¢/oz
"Kraft Deli Deluxe White American Cheese Slices, 16 oz Pack, 24 Slices",Cheeses,7.28,$7.28,45.5 ¢/oz
"Great Value Cream Cheese Brick, 8 oz Block, 2 Pack",Cream Cheese,2.78,$2.78,17.4 ¢/oz
"Great Value Swiss Deli Style Sliced Cheese, 16 oz Package, 24 Slices",Cheeses,3.78,$3.78,23.6 ¢/oz
"Kraft Mexican Style Cheddar Jack Finely Shredded Cheese, 8 oz Bag",Cheeses,2.98,$2.98,37.3 ¢/oz
"Great Value Limited Edition Hickory Smokehouse Blend Shredded Cheese, 7 oz",Cheeses,1.87,$1.87,26.7 ¢/oz
"Great Value Sharp Cheddar Finely Shredded Cheese, 5 lb Bag",Cheeses,14.88,$14.88,18.6 ¢/oz
"SargentoSliced Colby-Pepper Jack Natural Cheese, 11 Slices",Cheeses,2.97,$2.97,39.6 ¢/oz
"Kraft Signature Thick Shreds Mozzarella Blend Cheese, 8 oz (Refrigerated)",Cheeses,2.98,$2.98,37.3 ¢/oz
"Lactaid Lactose-Free 4% Cottage Cheese, 16 oz",Cheeses,3.88,$3.88,24.3 ¢/oz
"President Brie Soft-Ripened Cheese, 8 oz (Refrigerated)",Cheeses,5.46,$5.46,68.3 ¢/oz
"Great Value Reduced Fat Shredded Mozzarella Cheese, 16 oz",Cheeses,3.48,$3.48,21.8 ¢/oz
"Marketside Cubed Assorted Cheese Cube Tray, 12 oz (Fresh, Plastic Cup)",Cheeses,5.96,$5.96,49.7 ¢/oz
"Great Value Original Whole Milk Ricotta Cheese, 15 oz Tub (Refrigerated)",Cheeses,2.67,$2.67,17.8 ¢/oz
"Great Value Deluxe American Cheese Slices, 5 lb Package, 120 Slices",Cheeses,17.97,$17.97,22.5 ¢/oz
"Kraft Deli Deluxe American Cheese Slices, 12 oz Pack, 16 Slices",Cheeses,5.98,$5.98,49.8 ¢/oz
"Great Value Shredded Caroline Reaper Blend Cheese, 7 oz",Cheeses,2.24,$2.24,32.0 ¢/oz
"Great Value Fat Free Mozzarella Shredded Cheese, 7 oz Bag",Cheeses,1.87,$1.87,26.7 ¢/oz
"Frigo Crumbled Feta Cheese, 5 oz Refrigerated Plastic Cup",Cheeses,3.44,$3.44,68.8 ¢/oz
"Athenos Crumbled Traditional Feta Cheese 6 oz, Refrigerated, Plastic Tub",Cheeses,4.42,$4.42,73.7 ¢/oz
"Tillamook Cheese Medium Cheddar Block, 8 oz (Aged 60 Days)",Cheeses,3.88,$3.88,48.5 ¢/oz
"Frigo Shredded Parmesan Cheese, 10 oz Refrigerated Plastic Cup",Cheeses,6.54,$6.54,65.4 ¢/oz
"Prima Della Provolone Cheese, Deli Sliced (Refrigerated Bag)",Cheeses,7.92,$7.92,
"Disney Princess Part-Skim Mozzarella String Cheese Snack, 10 oz Bag, 12 Cheese Sticks",Cheeses,4.26,$4.26,42.6 ¢/oz
"Great Value Gluten-Free Low-Moisture Part-Skim Mozzarella Twist String Cheese, 30 oz Bag, 36 Sticks",Cheeses,7.97,$7.97,26.6 ¢/oz
"Great Value Grated Parmesan and Romano Cheese, 8 oz Shaker",Cheeses,2.98,$2.98,37.3 ¢/oz
"Great Value Monterey Jack Block Cheese, 32 oz Chunk",Cheeses,6.96,$6.96,21.8 ¢/oz
"BelGioioso Fresh Mozzarella Snacking Cheese, plastic sealed Specialty Cheese Snack Packs, 10 oz",Cheeses,6.46,$6.46,64.6 ¢/oz
"Red Apple Cheese Natural Gruyere Wisconsin Cheese, 7 oz Square",Cheeses,4.72,$4.72,67.4 ¢/oz
"Great Value Mild Cheddar Deli Style Sliced Cheese, 16 oz Package, 24 Slices",Cheeses,3.78,$3.78,23.6 ¢/oz
"Daisy Pure and Natural Low Fat Cottage Cheese, 2% Milkfat, 16 oz (1 lb) Tub (Refrigerated) - 13g of Protein Per Serving",Cheeses,3.54,$3.54,22.1 ¢/oz
"Mini Babybel White Cheddar Flavored Snack Cheese, 8.5 oz, 12 Count Plastic Net. Refrigerated",Cheeses,6.98,$6.98,82.1 ¢/oz
"Babybel Original Grab and Go Snack Cheese, 1ct, Plastic Wrapped Cheese Round, Refrigerated",Cheeses,0.78,$0.78,$1.10/oz
"President All-Natural Feta Cheese Block, 8 oz (Refrigerated)",Cheeses,5.46,$5.46,68.3 ¢/oz
"Kraft Singles American Slices Twin Pack, 32 ct Pack",Cheeses,6.77,$6.77,28.2 ¢/oz
"BelGioioso Freshly Shredded Parmesan Cheese, Refrigerated 8 oz Plastic Bag",Cheeses,4.94,$4.94,61.8 ¢/oz
"Kraft Mild Cheddar Finely Shredded Cheese, 16 oz Bag",Cheeses,5.64,$5.64,35.3 ¢/oz
"Great Value Cream Cheese Spread, 8 oz Tub (Refrigerated)",Cheese Dips & Spreads,1.93,$1.93,24.1 ¢/oz
"Great Value 4% Milkfat Minimum Small Curd Cottage Cheese, 16 oz",Cheeses,2.24,$2.24,14.0 ¢/oz
"BelGioioso Freshly Grated Parmesan Cheese, Refrigerated 5 oz Plastic Cup",Cheeses,2.97,$2.97,59.4 ¢/oz
"Daisy Pure and Natural Low Fat Cottage Cheese, 2% Milkfat, 2-Pack 5.3 oz Cups (Refrigerated) - 17g of Protein Per Serving",Cheeses,2.34,$2.34,22.1 ¢/oz
Kraft Fat Free Natural Cheddar Cheese 7 oz Pouch,Cheeses,4.98,$4.98,71.1 ¢/oz
"Daisy Pure and Natural Cottage Cheese, 4% Milkfat, 2-Pack 5.3 oz Cups (Refrigerated) - 17g of Protein Per Serving",Cheeses,2.34,$2.34,22.1 ¢/oz
Kraft Grated Parmesan Cheese Shaker 8 oz Bottle,Cheeses,4.44,$4.44,55.5 ¢/oz
"Sargento Sliced Extra Sharp Natural Cheddar Cheese, 10 slices",Cheeses,2.97,$2.97,42.4 ¢/oz
"Great Value String Light Part-Skim Mozzarella Cheese Sticks, 36 oz Bag, 36 Ct (Refrigerated)",Cheeses,9.24,$9.24,25.7 ¢/oz
"Frigo Cheese Heads Light Mozzarella String Cheese Snacks, 20 oz, 24 Count",Cheeses,8.88,$8.88,44.4 ¢/oz
"President Crumbled Feta Cheese, 6 oz (Refrigerated)",Cheeses,2.98,$2.98,49.7 ¢/oz
"The Laughing Cow Light Spreadable Cheese Wedges, 5.4 oz, Box, Refrigerated",Cheeses,3.5,$3.50,64.8 ¢/oz
"Sargento Shredded Mozzarella Natural Cheese, Traditional Cut, 16 oz.",Cheeses,5.94,$5.94,37.1 ¢/oz
"Great Value Low-Moisture Part-Skim Mozzarella Block Cheese, 32 oz Chunk",Cheeses,6.96,$6.96,21.8 ¢/oz
Kraft Parmesan Finely Shredded Natural Cheese 6oz Bag,Cheeses,4.98,$4.98,83.0 ¢/oz
Sargento Light String Cheese Reduced Fat Low Moisture Part-Skim Mozzarella Cheese Snacks,Cheeses,4.94,$4.94,54.9 ¢/oz
"Sargento Sliced Pepper Jack Natural Cheese, 24 Slices",Cheeses,5.88,$5.88,36.8 ¢/oz
"Joseph Farms California Natural Sharp Cheddar Cheese Chunk, 1lb, Refrigerated",Cheeses,5.44,$5.44,34.0 ¢/oz
Kraft Fat Free Mozzarella Shredded Natural Cheese 7oz Bag,Cheeses,4.98,$4.98,71.1 ¢/oz
"Great Value Mozzarella String Cheese, 36 oz Bag, 36 Count",Cheeses,9.24,$9.24,25.7 ¢/oz
Emmi Le Gruyre AOP Cheese 6 oz,Cheeses,7.97,$7.97,$1.33/oz
"Marketside Plain Goat Cheese, 4 oz",Cheeses,1.87,$1.87,46.8 ¢/oz
"BelGioioso Fresh Mozzarella Log, Pre-Sliced Specialty Cheese, 16 oz Refrigerated Plastic Packet",Cheeses,7.47,$7.47,46.7 ¢/oz
"Sargento Sliced Smokehouse Cheddar Natural Cheese, 11 slices",Cheeses,2.97,$2.97,44.3 ¢/oz
"Galbani Whole Milk Low Moisture Mozzarella Cheese Block, 16 oz (Refrigerated)",Cheeses,4.97,$4.97,31.1 ¢/oz
"Great Value Cheese Wow! Spray Cheese, Cheddar, 8 oz",Cheeses,2.67,$2.67,33.4 ¢/oz
"Great Value Individually Plastic Wrapped Singles Reduced Fat American Cheese Product, 16 oz Package, 24 Slices",Cheeses,2.48,$2.48,15.5 ¢/oz
"Violife Just like Mexican Style Shreds Shredded Cheese, Dairy-Free Vegan, 8 oz Pack (Refrigerated)",Cheeses,5.22,$5.22,65.3 ¢/oz
"Prima Della Mild Cheddar Cheese, Deli-Sliced (Refrigerated)",Cheeses,7.92,$7.92,
"Galbani Whole Milk Ricotta Cheese, 32 oz (Refrigerated)",Cheeses,5.78,$5.78,18.1 ¢/oz
"Tillamook Sharp White Cheddar Cheese Snack Portions, 7.5 oz, 10 Count",Cheeses,3.98,$3.98,53.1 ¢/oz
"Kraft Shredded Parmesan Cheese, 5 oz. Tub",Cheeses,4.12,$4.12,82.4 ¢/oz
"Daisy Cottage Cheese with Pineapple, 4% Milkfat, 6 oz Cup (Refrigerated)  14g of Protein",Cheeses,1.68,$1.68,28.0 ¢/oz
"Tillamook Farmstyle Mexican 4 Cheese Shredded Cheese, 8 oz",Cheeses,3.98,$3.98,49.8 ¢/oz
"Daisy Cottage Cheese with Blueberry, 4% Milkfat, 6 oz Cup (Refrigerated)  14g of Protein per Serving",Cheeses,1.68,$1.68,28.0 ¢/oz
"Athenos Crumbled Traditional Feta Cheese 12 oz, Refrigerated, Plastic Tub",Cheeses,6.92,$6.92,57.7 ¢/oz
"Sartori MontAmor Cheese Bites, 4.5 oz, Snack Bites, Cheddar Cheese, Refrigerated",Cheeses,3.94,$3.94,87.6 ¢/oz
"Tillamook Medium Cheddar Cheese Loaf, 32 oz (Aged 60 Days)",Cheeses,12.48,$12.48,39.0 ¢/oz
"Tillamook Farmstyle Medium Cheddar Shredded Cheese, 16 oz",Cheeses,7.48,$7.48,46.8 ¢/oz
"Tillamook Colby Jack Cheese Block, 16 oz",Cheeses,6.97,$6.97,43.6 ¢/oz
"Great Value Neufchatel Cheese Brick, 8 oz Block",Cheeses,1.56,$1.56,19.5 ¢/oz
"Tillamook Medium Cheddar Cheese Snack Portions, 15 oz, 20 Count",Cheeses,7.64,$7.64,50.9 ¢/oz
"Kraft Mexican Style Cheddar Jack Shredded Cheese, 16 oz Bag",Cheeses,5.64,$5.64,35.3 ¢/oz
"Sargento Shredded Mozzarella & Provolone with Natural Smoke Flavor Natural Cheeses, 16 oz",Cheeses,5.94,$5.94,37.1 ¢/oz
"La Chona Cotija Mexican Style Grated Cheese 16 oz. Bag, Refrigerated.",Cheeses,5.83,$5.83,36.4 ¢/oz
"Babybel Reduced Fat Flavored Snack Cheese, 8.5 oz, 12 Count Net. Refrigerated",Cheeses,6.98,$6.98,82.1 ¢/oz
"Sartori Farmhouse Cheddar Cheese Block Specialty Cheese, 7 oz Refrigerated Plastic Packet",Cheeses,4.17,$4.17,59.6 ¢/oz
"Frigo Cheese Heads Light Mozzarella String Cheese Snacks, 10 oz, 12 Count",Cheeses,4.88,$4.88,48.8 ¢/oz
"Merkt's Sharp Cheddar Spreadable Cheese, 12.9oz, Tub, Refrigerated/Chilled",Cheeses,5.26,$5.26,40.8 ¢/oz
"Daisy Cottage Cheese with Peach, 4% Milkfat, 6 oz Cup (Refrigerated)  14g of Protein per Serving",Cheeses,1.68,$1.68,28.0 ¢/oz
Kraft with a Touch of Cream Cheese Natural Cheese Shreds Mozzarella 8 oz. Bag,Cheeses,2.98,$2.98,37.3 ¢/oz
"Galbani Part Skim Milk Low Moisture Mozzarella Cheese Block, 16 oz (Refrigerated)",Cheeses,4.97,$4.97,31.1 ¢/oz
"Daisy Cottage Cheese with Strawberry, 4% Milkfat, 6 oz Cup (Refrigerated)  14g of Protein per Serving",Cheeses,1.68,$1.68,28.0 ¢/oz
"bettergoods Low-Moisture Part-Skim Mozzarella, Colby, Gruyere, and Asiago Farmhouse Style Shredded Cheese, 7 oz Bag",Cheeses,2.67,$2.67,38.1 ¢/oz
"El Mexicano Oaxaca Queso, Melting Cheese, 10 oz Refrigerated",Cheeses,4.23,$4.23,42.3 ¢/oz
"Great Value Grated Italian Style Cheese, 8 oz Shaker",Cheeses,2.98,$2.98,37.3 ¢/oz
"Tillamook Colby Jack Cheese Snack Bars, 7.5 oz, 10 Count",Cheeses,3.98,$3.98,53.1 ¢/oz
"Tillamook Medium Cheddar Cheese Slices, 32 oz",Cheeses,12.48,$12.48,39.0 ¢/oz
"Tillamook Farmstyle Sharp Cheddar Shredded Cheese, 8 oz",Cheeses,3.98,$3.98,49.8 ¢/oz
"Tillamook Farmstyle Colby Jack Shredded Cheese, 8 oz",Cheeses,3.98,$3.98,49.8 ¢/oz
"Tillamook Sharp Whole Cheddar Cheese Block, 16 oz (Aged 9 Months)",Cheeses,6.97,$6.97,43.6 ¢/oz
"Bella Rosa Cracker Cut Cheddar, Pepper Jack, Colby Jack, and Gouda Cheese Slice Variety Pack, 1 lb Tray",Cheeses,7.92,$7.92,49.5 ¢/oz
"Tillamook Whole Milk Mozzarella Cheese Block, 16 oz",Cheeses,6.97,$6.97,43.6 ¢/oz
"Yancey's Fancy House of Flavor Sliced Cheese Sampler Tray, 12oz, Refrigerated/Chilled, Plastic",Cheeses,6.46,$6.46,53.8 ¢/oz
"Sartori Shredded Cheese, Parmesan Cheese, 7.0 oz Bag, Aged Cheese, Classic Shredded Parmesan Cheese, Refrigerated",Cheeses,4.96,$4.96,70.9 ¢/oz
"Tillamook Sharp Cheddar Cheese Block, 8 oz (Aged 9 Months)",Cheeses,3.88,$3.88,48.5 ¢/oz
"Babybel Monterey Jack Flavored Snack Cheese, 8.5 oz, 12 Count Net. Refrigerated.",Cheeses,6.98,$6.98,82.1 ¢/oz
"EASY CHEESE American Cheese Snack, 8 oz",Cheese Dips & Spreads,5.82,$5.82,72.8 ¢/oz
"Tillamook Farmstyle Thick Cut Medium Cheddar Shredded Cheese, 8 oz",Cheeses,3.98,$3.98,49.8 ¢/oz
"Tillamook Medium Cheddar Cheese Sticks 7.5 oz, 10 Count",Cheeses,3.98,$3.98,53.1 ¢/oz
"Marketside Cubed Dill Havarti Cheese, 6oz, Plastic Cup (Cubed, Refrigerated)",Cheeses,2.96,$2.96,49.3 ¢/oz
"Tillamook Sharp White Cheddar Cheese Snack Portions, 15 oz, 20 Count",Cheeses,7.64,$7.64,50.9 ¢/oz
"El Mexicano Panela Queso de Canasta, Basket Grilling Cheese, 10 oz Refrigerated",Cheeses,3.87,$3.87,38.7 ¢/oz
"Great Value Reduced Fat Melt'n Dip Easy Melt Cheese, 32 oz",Cheeses,5.28,$5.28,16.5 ¢/oz
"Joseph Farms California Natural Marbled Jack Cheese Chunk, 1lb, Refrigerated",Cheeses,5.44,$5.44,34.0 ¢/oz
"Tillamook Farmstyle Colby Jack Sliced Cheese, 8 oz, 9 Count",Cheeses,3.98,$3.98,49.8 ¢/oz
"BelGioioso Freshly Shredded Parmesan Cheese, 5 oz Refrigerated Plastic Cup",Cheeses,3.38,$3.38,67.6 ¢/oz
"Mama Francesca Parmesan, Asiago & Romano Grated Cheese, 8 oz Shaker",Cheeses,3.58,$3.58,44.8 ¢/oz
"Galbani Part Skim Mozzarella String Cheese, 24 oz, 24 Ct (Refrigerated)",Cheeses,7.32,$7.32,30.5 ¢/oz
"Great Value Pepper Jack Cheese, 9oz, 12 Snack Blocks (Plastic Packaging)",Cheeses,2.68,$2.68,29.8 ¢/oz
"Joseph Farms California Natural Monterey Jack Cheese Chunk, 1lb, Refrigerated",Cheeses,5.44,$5.44,34.0 ¢/oz
"Great Value Colby Jack Block Cheese, 32 oz Chunk",Cheeses,6.96,$6.96,21.8 ¢/oz
"(2 pack) Great Value Cheese Wow! Spray Cheese, Cheddar, 8 oz",Cheeses,5.34,$5.34,33.4 ¢/oz
"Sartori MontAmor Grab and Go Cheese Bite, Snacking, 0.75 oz, 1 Count (Refrigerated)",Cheeses,0.88,$0.88,1.2 ¢/oz
"Sartori MontAmore Cheddar Cheese, Specialty Cheese, 7 oz, Refrigerated Plastic Packet, Aged, Savory & Sweet, Food Form: Block",Cheeses,4.17,$4.17,59.6 ¢/oz
Sach Foods The Original All Natural Paneer Cheese 8oz,Cheeses,5.98,$5.98,99.7 ¢/oz
"Tillamook Colby Jack Cheese Block, 32 oz",Cheeses,12.48,$12.48,39.0 ¢/oz
"Castello Gourmet Gouda Cheese, Wax Round, 7 oz",Cheeses,4.94,$4.94,70.6 ¢/oz
Crystal Creamery Small Curd 4% Cottage Cheese Plastic Tub16 oz (Refrigerated),Cheeses,3,$3.00,18.8 ¢/oz
"Knudsen Lowfat Small Curd Cottage Cheese with 2% Milkfat, 16 oz Tub",Cheeses,3.72,$3.72,23.3 ¢/oz
"Tillamook Spicy Mexican Cheese Blend Shredded Cheese, 8 oz",Cheeses,3.98,$3.98,49.8 ¢/oz
"Sandwich Mate Imitation Cheese Food, 16 ea",Cheeses,1.47,$1.47,13.7 ¢/oz
"Marketside Garlic & Herb Goat Cheese Log, 4 oz (Refrigerated)",Cheeses,1.87,$1.87,46.8 ¢/oz
"Joseph Farms California Natural Monterey Jack Cheese Chunk, 2lb, Refrigerated",Cheeses,9.97,$9.97,31.2 ¢/oz
"Joseph Farms California Natural Monterey Jack Cheese Loaf, 4lb, Refrigerated",Cheeses,18.97,$18.97,29.6 ¢/oz
"Tillamook Farmstyle Provolone Sliced Cheese, 7 oz, 8 Count,",Cheeses,3.98,$3.98,56.9 ¢/oz
"Tillamook Farmstyle Pepper Jack Sliced Cheese, 8 oz, 9 Count",Cheeses,3.98,$3.98,49.8 ¢/oz
"Tillamook Sharp White Cheddar Cheese Block, 16 oz (Aged 9 Months)",Cheeses,6.97,$6.97,43.6 ¢/oz
"Tillamook Farmstyle Shredded Medium Cheddar Shredded Cheese, 32 oz",Cheeses,12.97,$12.97,40.5 ¢/oz
"Joseph Farms California Natural Pepper Jack Cheese Chunk, 2lb, Refrigerated",Cheeses,9.97,$9.97,31.2 ¢/oz
"Tillamook Mozzarella Shredded Cheese, 8 oz",Cheeses,3.98,$3.98,49.8 ¢/oz
"Frigo Cheese Heads Whole Milk String Cheese 10 oz, 12 Count",Cheeses,4.88,$4.88,48.8 ¢/oz
"Tillamook Extra Sharp Cheddar Cheese Block, 8 oz (Aged 15 Months)",Cheeses,3.98,$3.98,49.8 ¢/oz
"Mama Francesca Classic Parmesan Cheese, 8 oz Shaker",Cheeses,3.58,$3.58,44.8 ¢/oz
"Marketside Gorgonzola Cheese Crumble Cup, 5 oz",Cheeses,3.78,$3.78,75.6 ¢/oz
"Nancys Organic Probiotic Whole Milk Cottage Cheese Tub, 4% Milk Fat, 14 g Protein, 16 oz tub",Cheeses,4.46,$4.46,27.9 ¢/oz
"Tillamook Sliced Colby Jack & Monterey Jack Cheese, 32 oz, 42 Count",Cheeses,12.48,$12.48,39.0 ¢/oz
"Joseph Farms California Natural Pepper Jack Cheese Chunk, 1lb, Refrigerated",Cheeses,5.44,$5.44,34.0 ¢/oz
Marketside Mature English White Cheddar Cheese Chunk 7 oz,Cheeses,4.97,$4.97,71.0 ¢/oz
"Knudsen Small Curd Cottage Cheese with 4% Milkfat, 24 oz Tub",Cheeses,5.24,$5.24,21.8 ¢/oz
"Tillamook Monterey Jack Cheese Block, 16 oz",Cheeses,6.97,$6.97,43.6 ¢/oz
BelGioioso Freshly Shredded 4-Cheese Blend Natural Cup 4 oz,Cheeses,2.86,$2.86,71.5 ¢/oz
"Sargento Sliced Reduced Fat Pepper Jack Natural Cheese, 10 slices",Cheeses,2.97,$2.97,44.3 ¢/oz
"(3 pack) EASY CHEESE American Cheese Snack, 8 oz",Cheese Dips & Spreads,17.46,$17.46,72.8 ¢/oz
"Sargento McCormick Shredded Cheese, Traditional Cut, 7 oz.",Cheeses,2.97,$2.97,42.4 ¢/oz
"Tillamook Whole Sharp Cheddar Cheese Block, 32 oz (Aged 9 Months)",Cheeses,12.48,$12.48,39.0 ¢/oz
Crystal Creamery Small Curd 4% Milk Fat Cottage Cheese Plastic Tub 32 fl oz (Refrigerated),Cheeses,5.87,$5.87,18.3 ¢/oz
"Tillamook Pepper Jack Cheese Block, 16 oz",Cheeses,6.97,$6.97,43.6 ¢/oz
"Sargento Natural American Sliced Cheese, 24 Slices",Cheeses,6.38,$6.38,39.9 ¢/oz
"Follow Your Heart Gluten Free, Vegan, Smoked Gouda Style Dairy Free Cheese Slices Pack, 7 oz, 10 Count",Cheeses,4.87,$4.87,69.6 ¢/oz
"4C Grated Cheese Homestyle All Natural Parmesan-Romano, 6.0 OZ",Cheeses,4.33,$4.33,72.2 ¢/oz
"Sargento Extra Sharp Natural Cheddar Cheese Snack Sticks, 12-Count",Cheeses,4.94,$4.94,54.9 ¢/oz
"Cacique Ranchero Queso Fresco Mexican Cheese, Part Skim Milk, 35 oz (Refrigerated)",Cheeses,10.97,$10.97,31.3 ¢/oz
"Tillamook Farmstyle Sharp Cheddar Cheese Slices, 8 oz, 9 Count",Cheeses,3.98,$3.98,49.8 ¢/oz
"Sargento Mild Natural Cheddar Cheese Ultra Thin Slices, 20 slices",Cheeses,2.97,$2.97,39.1 ¢/oz
"Violife Just like Mozzarella Shreds Shredded Cheese, Dairy-Free Vegan, 8 oz Bag (Refrigerated)",Cheeses,5.22,$5.22,65.3 ¢/oz
"Tillamook Pepper Jack Cheese Block, 8 oz",Cheeses,3.88,$3.88,48.5 ¢/oz
"Knudsen Lowfat Small Curd Cottage Cheese with 2% Milkfat, 24 oz Tub",Cheeses,5.24,$5.24,21.8 ¢/oz
"BelGioioso Blue Cheese Wedge 5oz, Refrigerated in a Wedge Container",Cheeses,3.92,$3.92,78.4 ¢/oz
"Sargento Balanced Breaks Monterey Jack & Mild Cheddar Cheese, WHEAT THINS Minis",Cheeses,3.34,$3.34,74.2 ¢/oz
"Nancy's Probiotic Foods, Organic Probiotic Low-Fat Cottage Cheese Tub, 2% Milk Fat, 14 g Protein, 16 oz",Cheeses,4.46,$4.46,27.9 ¢/oz
"Sargento Sharp Natural Cheddar Cheese Snack Sticks, 24-Count",Cheeses,8.98,$8.98,49.9 ¢/oz
"Tillamook Farmstyle Swiss Cheese Slices, 8 oz, 9 Count",Cheeses,3.98,$3.98,49.8 ¢/oz
"Velveeta 2% Milk Reduced Fat Melting Cheese Dip & Sauce with 25% Less Fat, 16 oz Block, Shelf-Stable",Cheese Dips & Spreads,5.48,$5.48,34.3 ¢/oz
"4C 100% Natural Parmesan/Romano Cheese, 6 oz",Cheeses,4.33,$4.33,72.2 ¢/oz
"Tillamook Swiss Cheese Block, 16 oz",Cheeses,6.97,$6.97,43.6 ¢/oz
"La Morenita Queso Fresco Fresh Crumbling Cheese, 35.2 oz",Cheeses,10.44,$10.44,29.7 ¢/oz
"Sargento Natural Smokehouse String Cheese, 12-Count",Cheeses,4.94,$4.94,49.4 ¢/oz
"Knudsen Small Curd Cottage Cheese with 4% Milkfat, 16 oz Tub",Cheeses,3.72,$3.72,23.3 ¢/oz
"Tillamook Sharp Cheddar Deli Cheese Slices, 32 oz, 42 Count",Cheeses,12.48,$12.48,39.0 ¢/oz
"Knudsen Cottage Doubles Lowfat Cottage Cheese & Strawberry Topping with 2% Milkfat, 4.7 oz Cup",Cheeses,1.28,$1.28,27.2 ¢/oz
"(3 pack) Great Value Melt'n Dip Easy Melting Cheese, 32 oz Block",Cheeses,15.84,$15.84,16.5 ¢/oz
"Knudsen Lowfat Small Curd Cottage Cheese & Pineapple with 1.5% Milkfat, 16 oz Tub",Cheeses,3.72,$3.72,23.3 ¢/oz
"Daiya Dairy Free Cheddar Cheese Slices, Vegan, 7.8 oz (Refrigerated)",Cheeses,4.44,$4.44,56.9 ¢/oz
"(3 pack) EASY CHEESE Cheddar Cheese Snack, 8 oz",Cheeses,17.46,$17.46,72.8 ¢/oz
Kraft Grated Parmesan & Romano Cheese Shaker 8 oz Bottle,Cheeses,4.44,$4.44,55.5 ¢/oz
"Knudsen Lowfat Small Curd Cottage Cheese with 2% Milkfat, 48 oz Tub",Cheeses,8.94,$8.94,18.6 ¢/oz
"Daiya Dairy Free Cheddar Cheese Shreds, Vegan, 7.1 oz (Refrigerated)",Cheeses,4.44,$4.44,15.9 ¢/fl oz
"Tillamook Monterey Jack Cheese Block, 32 oz",Cheeses,12.48,$12.48,39.0 ¢/oz
"Polly-O Twists String Cheese Mozzarella & Cheddar Cheese Snacks, 12ct Sticks",Cheeses,4.78,$4.78,53.1 ¢/oz
"Daiya Dairy Free Cheddar & Mozzarella Cheese Shreds, Vegan, 7.1 oz (Refrigerated)",Cheeses,4.44,$4.44,62.5 ¢/oz
"Philadelphia Reduced Fat Cream Cheese, 2 ct Pack, 8 oz Brick",Cream Cheese,5.47,$5.47,34.2 ¢/oz
4C Homestyle Parmesan Grated Cheese 6 oz Jar,Cheeses,4.33,$4.33,72.2 ¢/oz
"Sargento Cholula Natural Queso Quesadilla & Asadero Shredded Cheese with Hot Sauce Seasonings, Traditional Cut, 7 oz",Cheeses,2.97,$2.97,42.4 ¢/oz
"Great Value Mild Cheddar & Colby Jack Cheeses with Crackers Craveable Combos, 1.5 oz, 3 Count",Cheeses,2.67,$2.67,59.3 ¢/oz
"Knudsen Cottage Doubles Lowfat Cottage Cheese & Raspberry Topping with 2% Milkfat, 4.7 oz Cup",Cheeses,1.28,$1.28,27.2 ¢/oz
"Daiya Dairy Free Mozzarella Cheese Shreds, Vegan, 7.1 oz (Refrigerated)",Cheeses,4.44,$4.44,62.5 ¢/oz
Kraft Grated Parmesan Cheese Shaker 16 oz Bottle,Cheeses,7.94,$7.94,49.6 ¢/oz
"Kraft Deli Deluxe 2% Milk American Cheese Slices, 24 Ct Pk, Refrigerated",Cheeses,7.28,$7.28,45.5 ¢/oz
"Crystal Creamery, Real California Milk Small Curd 1.5% Milkfat Low-Fat Cottage Cheese Plastic Tub 32 fl oz (Refrigerated)",Cheeses,6,$6.00,18.8 ¢/oz
"Galbani Freshly Shredded Parmesan Cheese Shaker, 7 oz (Refrigerated)",Cheeses,3.38,$3.38,48.3 ¢/oz
Paisa Queso Para Freir / White Cheese For Frying,Cheeses,5.36,$5.36,33.5 ¢/oz
"Great Value Sharp Yellow Cheddar & Gouda Cheeses with Mini Pretzels Craveable Combos, 1.5 oz, 3 Count",Cheeses,2.67,$2.67,59.3 ¢/oz
"Sargento Franks RedHot Natural Cheddar, Colby Jack, and American Shredded Cheese with Cayenne Pepper Seasoning, Traditional Cut, 7 oz",Cheeses,2.97,$2.97,42.4 ¢/oz
"Sargento Sliced Provolone Natural Cheese with Natural Smoke Flavor, 24 slices",Cheeses,5.88,$5.88,36.8 ¢/oz
"Sargento Fiesta Pepper String Cheese Natural Cheese Snacks, 12-Count",Cheeses,4.94,$4.94,49.4 ¢/oz
"Knudsen Cottage Doubles Lowfat Cottage Cheese & Peach Topping with 2% Milkfat, 4.7 oz Cup",Cheeses,1.28,$1.28,27.2 ¢/oz
Great Value Cottage Cheese 4% Small Curd Plain 4 Weight Ounce Plastic Cup 4 Pack,Cheeses,3.58,$3.58,89.5 ¢/count
"Sargento Balanced Breaks White Cheddar Cheese, Roasted Almonds, Dried Cranberries",Cheeses,6.14,$6.14,68.2 ¢/oz
"bettergoods Plant-Based Cheddar and Mozzarella Shredded Dairy-Free Cashew Cheese Alternative, 8 oz",Cheeses,3.97,$3.97,49.6 ¢/oz
"Great Value Pepper Jack & Colby Jack Cheeses with Crackers Craveable Combos, 1.5 oz, 3 Count",Cheeses,2.67,$2.67,59.3 ¢/oz
"El Mexicano Nacho Cheese Sauce, 6 lb Can Shelf-Stable",Cheeses,12.98,$12.98,12.2 ¢/oz
"Sargento Balanced Breaks Cheese & Crackers, Pepper Jack & Colby-Jack Cheeses and RITZ",Cheeses,3.34,$3.34,74.2 ¢/oz
"bettergoods Plant-Based Cheddar Shredded Dairy-Free Cashew Cheese Alternative, 8 oz",Cheeses,3.97,$3.97,49.6 ¢/oz
"(2 pack) Mama Francesca Classic Parmesan Cheese, 8 oz Shaker",Cheeses,7.16,$7.16,44.8 ¢/oz
"White Castle Classic Cheese Sliders, 6Ct (3-2Pks)",Cheeses,6.27,$6.27,57.0 ¢/oz
"Philadelphia Cream Cheese, 1 Block, for Recipes and Baking, Original Style, No Artificial Preservatives, Flavors or Dye, 8 oz",Cream Cheese,2.98,$2.98,37.3 ¢/oz
"Kerrygold Grass-Fed Dubliner Irish Cheese, 7oz.",Cheeses,5.74,$5.74,82.0 ¢/oz
"Marketside Blue Cheese Crumble Cup, 5 oz (Refrigerated)",Cheeses,3.78,$3.78,75.6 ¢/oz
"Great Value Swiss Thinly Sliced Cheese, 8 oz Package, 21 Slices",Cheeses,1.72,$1.72,21.5 ¢/oz
"Great Value Cheese Wow! Spray Cheese, American Cheese, 8 oz",Cheese Dips & Spreads,2.67,$2.67,33.4 ¢/oz
"Philadelphia Cream Cheese, 2 Blocks, for Recipes and Baking, Original, No Artificial Preservatives, Flavors or Dye, 8 oz",Cream Cheese,5.47,$5.47,34.2 ¢/oz
Lay's Barbecue Flavored Potato Chips 7.75 Ounce Bag,Snack Chips,2.5,$2.50,32.1 ¢/oz
"Lay's Wavy Potato Chips, Original Flavor, 7.75 oz Bag",Snack Chips,2.5,$2.50,32.1 ¢/oz
"Lay's Potato Chips Salt & Vinegar Snack Chips, 7.75 Ounce Bag",Snack Chips,2.5,$2.50,32.1 ¢/oz
"Doritos Nacho Cheese Tortilla Snack Chips,Party Size, 14.5 Ounce Bag",Snack Chips,5,$5.00,34.5 ¢/oz
"Lay's Sour Cream & Onion Flavor Potato Chips, 7.75 oz Bag",Snack Chips,2.5,$2.50,32.3 ¢/oz
"Ruffles Potato Chips Original Snack Chips, 8.5 Ounce Bag",Snack Chips,3.97,$3.97,46.7 ¢/oz
"Doritos Tortilla Chips Cool Ranch Flavor Snack Chips, 9.25 oz Bag",Snack Chips,3.97,$3.97,42.7 ¢/oz
"Cheetos Puff Cheese Flavored Snack Chips, 8 oz",Puffed Snacks,3.97,$3.97,49.6 ¢/oz
"Doritos Nacho Cheese Flavored Tortilla Chips, 9.25 oz Bag",Snack Chips,3.97,$3.97,42.7 ¢/oz
"Great Value Sour Cream & Onion Flavored Potato Chips, 1.75 oz, P65",Snack Chips,0.94,$0.94,53.7 ¢/oz
"Ruffles Potato Chips Sour Cream & Onion Flavor Snack Chips, 8 ounce Bag",Snack Chips,4.18,$4.18,52.3 ¢/oz
"Doritos Spicy Nacho Flavored Tortilla Chips, 9.25 oz Bag",Snack Chips,3.97,$3.97,42.7 ¢/oz
"Lay's Classic Potato Chips, 8 oz, Plastic Bag",Snack Chips,2.5,$2.50,31.3 ¢/oz
"Ruffles Cheddar & Sour Cream Potato Snack Chips, Party Size, 12.5 oz Bag",Snack Chips,5.94,$5.94,47.5 ¢/oz
"Zack's Mighty Fiery Nacho Rolled Tortilla Chips, 7 oz Film Bag, No Artificial Colors or Dye",Snack Chips,3.97,$3.97,56.7 ¢/oz
"Ruffles Original Flavor Potato Snack Chips,Party Size, 13 oz Bag",Snack Chips,5.94,$5.94,45.7 ¢/oz
"Lay's Classic Potato Chips, Party Size, 13 oz Bag",Snack Chips,4.97,$4.97,38.2 ¢/oz
"Zack's Mighty Chile Lime Rolled Tortilla Chips, 7 oz Film Bag, No Artificial Colors or Dye",Snack Chips,3.97,$3.97,56.7 ¢/oz
"Fritos Corn Chips Chili Cheese Flavored Snack Chips, 9.25 Ounce Bag",Snack Chips,3.97,$3.97,42.7 ¢/oz
"Tostitos Bite Size Rounds Tortilla Chips, 12 oz Bag",Snack Chips,3.97,$3.97,33.1 ¢/oz
"Ruffles Potato Chips Cheddar & Sour Cream Flavored Snack Chips, 8 Ounce Bag",Snack Chips,3.97,$3.97,49.6 ¢/oz
Doritos Minis Nacho Cheese Flavored Tortilla Chips Single Serve Canister 1.95 oz,Snack Chips,1.48,$1.48,64.3 ¢/oz
"Doritos Nacho Cheese Tortilla Snack Chips, 1oz, 10 Count Bags",Snack Chips,5.97,$5.97,59.7 ¢/oz
"Mission Round Yellow Corn Tortilla Chips, 11 Ounce Bag",Snack Chips,2.84,$2.84,25.8 ¢/oz
"Lay's Dill Pickle Potato Snack Chips, 7.75 oz Bag",Snack Chips,2.5,$2.50,32.1 ¢/oz
"Lay's Classic Potato Snack Chips, 1 oz Bags, 10 Count Multipack",Snack Chips,5.97,$5.97,59.7 ¢/oz
"Fritos Regular Corn Chips, 9.25 oz Single Bag",Snack Chips,4.12,$4.12,44.3 ¢/oz
Tostitos Cantina Tortilla Chips Thin & Crisps 10 oz Bag,Snack Chips,3.97,$3.97,39.7 ¢/oz
"Funyuns Onion Ring Flavored Snack Chips, 10 Count Multipack",Snack Chips,5.97,$5.97,79.6 ¢/oz
"Pringles Sour Cream and Onion Potato Crisps Chips, Lunch Snacks, 5.5 oz Canister",Snack Chips,1.68,$1.68,30.5 ¢/oz
"Santitas White Corn Tortilla Chips Snack Chips, 11 oz Bag",Snack Chips,2.74,$2.74,24.9 ¢/oz
"On The Border Cafe Style Tortilla Chips, Gluten-Free, 16.5 oz Bag",Snack Chips,3.88,$3.88,23.5 ¢/oz
"Lay's Potato Chips, Cheddar & Sour Cream, 7.75 oz Bag",Snack Chips,2.5,$2.50,32.1 ¢/oz
"Doritos Cool Ranch Flavored Tortilla Chips, Party Size, 14.5 oz Bag",Snack Chips,5,$5.00,34.5 ¢/oz
"Baked Lays 50% Less Fat Original Potato Chips Bag, 6.25 oz",Snack Chips,3.98,$3.98,63.2 ¢/oz
"Great Value Original Wavy Potato Chips Party Size, 13 oz",Snack Chips,2.96,$2.96,22.8 ¢/oz
"Munchos Classic Flavor Potato Snack Chips, 4.25 Ounce Bag",Snack Chips,3,$3.00,69.8 ¢/oz
"Tostitos Scoops! Party Size Tortilla Chips, 14.5 oz Bag",Snack Chips,5,$5.00,34.5 ¢/oz
"Pringles Original Potato Crisps Chips, Lunch Snacks, 5.2 oz Canister",Snack Chips,1.68,$1.68,32.3 ¢/oz
"Great Value Cheddar & Sour Cream Potato Chips Party Size!, 13 oz",Snack Chips,2.96,$2.96,22.8 ¢/oz
"Pringles Snack Cups Variety Pack Potato Crisps Chips, Lunch Snacks, 27 Count",Snack Chips,13.98,$13.98,71.7 ¢/oz
"Lay's Barbecue Flavored Potato Chips, Party Size, 12.5 oz Bag",Snack Chips,4.97,$4.97,39.8 ¢/oz
"Lay's Sour Cream & Onion Flavored Potato Chips, Party Size, 12.5 oz Bag",Snack Chips,4.97,$4.97,39.8 ¢/oz
"Cheetos Crunchy Cheese Flavored Snack Chips, 8.5 oz Bag",Puffed Snacks,3.97,$3.97,46.7 ¢/oz
"Doritos Dinamita Tortilla Chips Chile Limon, 10.75 oz Bag",Snack Chips,3.97,$3.97,36.8 ¢/oz
"Great Value Barbecue Flavored Potato Chips, 7.75 oz",Snack Chips,1.5,$1.50,19.2 ¢/oz
"Great Value Restaurant Style White Corn Tortilla Chips, 13 oz",Snack Chips,1.97,$1.97,15.2 ¢/oz
"Lay's Southern Sweet Heat Barbecue Flavored Potato Chips, 7.75 oz Bag",Snack Chips,2.5,$2.50,32.1 ¢/oz
"Doritos Tortilla Chips Spicy Sweet Chili Flavored Snack Chips, 9.25 Ounce Bag",Snack Chips,3.97,$3.97,42.7 ¢/oz
"Great Value Original Rippled Potato Chips Party Size, 13.5 oz",Snack Chips,2.96,$2.96,21.9 ¢/oz
"Great Value Kettle Cooked Jalapeno Flavored Potato Chips, 8 oz",Snack Chips,2.12,$2.12,26.5 ¢/oz
"Lay's Wavy Original Potato Chips, Party Size, 13 oz Bag",Snack Chips,4.97,$4.97,38.2 ¢/oz
"Takis Fuego 9.9 oz Sharing Size Bag, Hot Chili Pepper & Lime Rolled Tortilla Chips",Snack Chips,4.08,$4.08,41.2 ¢/oz
"SunChips 100% Whole Grain Harvest Cheddar Snack Chips Bag, 7 oz",Snack Chips,3.98,$3.98,56.9 ¢/oz
"Great Value Party Size Barbecue Potato Chips, 12.5 oz",Snack Chips,2.96,$2.96,23.7 ¢/oz
"Great Value Sour Cream & Onion Flavored Potato Chips Party Size, 12.5 oz",Snack Chips,2.96,$2.96,23.7 ¢/oz
"Lay's Wavy Hickory BBQ Flavored Potato Chips, 7.5 oz Bag",Snack Chips,2.5,$2.50,33.3 ¢/oz
"Great Value Salted Original Crunchy Potato Chips, 8 oz",Snack Chips,1.5,$1.50,18.8 ¢/oz
"Tostitos Scoops Original Tortilla Chips, 10 oz, Plastic Bag",Snack Chips,3.97,$3.97,39.7 ¢/oz
"Lay's Potato Chips, Limon Flavor, 7.75 oz Bag",Snack Chips,2.5,$2.50,32.1 ¢/oz
"Pringles Cheddar Cheese Potato Crisps Chips, Lunch Snacks, 5.5 oz Canister",Snack Chips,1.68,$1.68,30.5 ¢/oz
"SunChips 100% Whole Grain Garden Salsa Snack Chips Bag, 7 oz",Snack Chips,3.98,$3.98,56.9 ¢/oz
"(4 pack) Doritos Tortilla Chips Spicy Sweet Chili Flavored Snack Chips, 9.25 Ounce Bag",Snack Chips,15.88,$15.88,42.7 ¢/oz
"Great Value Original Rippled Potato Chips, 8 oz",Snack Chips,1.5,$1.50,18.8 ¢/oz
"Miss Vickie's Potato Chips Spicy Dill Pickle Flavored, 8 oz Bag",Snack Chips,3.5,$3.50,43.8 ¢/oz
"Ruffles Flamin' Hot Cheddar and Sour Cream Flavored Potato Snack Chips, 8 Ounce Bag",Snack Chips,3.97,$3.97,49.6 ¢/oz
"Great Value Thin and Crispy Cantina Style Tortilla Chips, 13 oz",Snack Chips,1.97,$1.97,15.2 ¢/oz
"Great Value Glacier Ranch Tortilla Chips, 9.75 oz Bag",Snack Chips,2.24,$2.24,22.9 ¢/oz
"Ruffles Potato Chips Queso Cheese Flavored Snack Chips, Snacks, Large Bag 8 Ounce Bag",Snack Chips,3.97,$3.97,49.6 ¢/oz
"Great Value Sour Cream & Onion Flavored Potato Chips, 7.75 oz",Snack Chips,1.5,$1.50,19.2 ¢/oz
"Lays Sea Salt & Vinegar Kettle Cooked Potato Chips Bag, 8 oz",Snack Chips,2.97,$2.97,37.1 ¢/oz
"Pringles BBQ Potato Crisps Chips, Lunch Snacks, 5.5 oz Canister",Snack Chips,1.68,$1.68,30.5 ¢/oz
"Lay's Honey Barbecue Potato Chips Bag, 7.5 oz",Snack Chips,2.5,$2.50,32.1 ¢/oz
"On The Border Cantina Thins Tortilla Chips, Gluten-Free, Fiesta Size, 15 oz Bag",Snack Chips,3.88,$3.88,25.9 ¢/oz
"Lay's Classic Lightly Salted Potato Chips, 7.75 Ounce Bag",Snack Chips,2.5,$2.50,32.1 ¢/oz
"Doritos Sweet & Tangy BBQ Flavored Tortilla Chips, 9.25 oz Bag",Snack Chips,3.97,$3.97,42.7 ¢/oz
"Lay's Potato Chips Flamin' Hot Flavored, 7.75 oz. Bag",Snack Chips,2.5,$2.50,32.1 ¢/oz
"Fritos Scoops! Corn Chips, 9.25 oz. Bag",Snack Chips,3.97,$3.97,42.7 ¢/oz
"Doritos Tortilla Chips 5 Flavor Variety Pack Snack Chips, 1 oz Bags, 18 Count",Snack Chips,9.97,$9.97,55.4 ¢/oz
"Takis Fuego 17 oz Fiesta Size Bag, Hot Chili Pepper & Lime Rolled Tortilla Chips",Snack Chips,4.47,$4.47,26.3 ¢/oz
"Pringles Pizza Potato Crisps Chips, Lunch Snacks, 5.5 oz Canister",Snack Chips,1.68,$1.68,30.5 ¢/oz
"Doritos Minis, Nacho Cheese Flavored Tortilla Chips, 5.125 oz, Canister",Snack Chips,2,$2.00,39.2 ¢/oz
"Tostitos Bite Size Tortilla Chips, 17 oz Bag",Snack Chips,5.94,$5.94,34.9 ¢/oz
"Great Value Kettle Cooked Salt and Vinegar Flavored Potato Chips, 8 oz",Snack Chips,1.97,$1.97,24.6 ¢/oz
"Ruffles Simply Sea Salted Potato Snack Chips, 8 oz Bag",Snack Chips,4.17,$4.17,52.1 ¢/oz
"Ruffles Potato Chips Cheddar & Sour Cream Flavored Snack Chips, 1 oz Bag",Snack Chips,0.48,$0.48,48.0 ¢/oz
"Cape Cod Potato Chips, Original Kettle Chips, 14 oz Party Size",Snack Chips,4.98,$4.98,35.6 ¢/oz
"Tostitos Tortilla Chips, Hint of Lime, 11 oz Bag, Snack Chips",Snack Chips,3.97,$3.97,36.1 ¢/oz
"Doritos Flamin' Hot Nacho Flavored Tortilla Chips, 9.25 Ounce Bag",Snack Chips,3.97,$3.97,42.7 ¢/oz
"Takis Blue Heat 9.9 oz Sharing Size Bag, Hot Chili Pepper Rolled Tortilla Chips",Snack Chips,4.08,$4.08,41.2 ¢/oz
"Santitas Tortilla Chips Blended Corn, 11 oz Bag",Snack Chips,2.74,$2.74,24.9 ¢/oz
"Baked Lays 50% Less Fat Barbecue Potato Chips Bag, 6.25 oz",Snack Chips,3.98,$3.98,63.2 ¢/oz
"Cape Cod Potato Chips, Less Fat Original Kettle Chips, 14 oz",Snack Chips,4.98,$4.98,35.6 ¢/oz
"Lay's Poppables White Cheddar Flavored Potato Snack Chips, 5 Oz Bag",Snack Chips,2.5,$2.50,50.0 ¢/oz
"Lay's Chile Limn Flavored Potato Chips, 7.75 Oz.",Snack Chips,2.5,$2.50,32.1 ¢/oz
"Great Value Restaurant Style Lightly Salted White Corn Tortilla Chips, 13 oz",Snack Chips,1.97,$1.97,15.2 ¢/oz
"Ruffles Flamin' Hot Flavored Potato Snack Chips, 8.0 oz Bag",Snack Chips,4.18,$4.18,52.3 ¢/oz
"Pringles Snack Cups Sour Cream and Onion Potato Crisps Chips, Lunch Snacks, 12 Count",Snack Chips,6.97,$6.97,79.2 ¢/oz
"Fritos Flamin' Hot Flavored Corn Chips, 9.25 oz Bag (Packaging May Vary)",Snack Chips,4.12,$4.12,44.3 ¢/oz
"PopCorners No Artificial Colors or Flavors White Cheddar Popped Corn Chips Bag, 7 oz",Snack Chips,4.18,$4.18,59.7 ¢/oz
"unChips 100% Whole Grain Original Snack Chips Bag, 7 oz",Snack Chips,3.98,$3.98,56.9 ¢/oz
"Great Value Original Potato Chips, 8 oz",Snack Chips,1.5,$1.50,18.8 ¢/oz
"Pringles Snack Cups Variety Pack Potato Crisps Chips, Lunch Snacks, 27 Count",Snack Chips,13.98,$13.98,72.4 ¢/oz
Doritos Tortilla Chips Spicy Nacho Flavored 14.5 ounce Bag,Snack Chips,5,$5.00,34.5 ¢/oz
"Calidad Yellow Corn Tortilla Chips, 11 Ounce Bag",Snack Chips,2.36,$2.36,21.5 ¢/oz
"Lays Mesquite BBQ Kettle Cooked Potato Chips Bag, 8 oz",Snack Chips,2.97,$2.97,37.1 ¢/oz
"Cheetos Crunchy Cheese Flamin' Hot Flavored Snack Chips, 1 Ounce Bags, 10 Count",Snack Chips,5.97,$5.97,59.7 ¢/oz
"Baked Ruffles 50% Less Fat Cheddar & Sour Cream Potato Chips Bag, 6.25 oz",Snack Chips,3.98,$3.98,63.2 ¢/oz
"Tostitos Organic Blue Corn Tortilla Chips, 10 oz Bag",Snack Chips,3.97,$3.97,39.7 ¢/oz
"Doritos Flamin' Hot Limon Flavored Tortilla Chips, 9.25 oz Bag",Snack Chips,3.97,$3.97,42.7 ¢/oz
"Miss Vickie's Sea Salt Potato Chips, 8.0 oz Bag",Snack Chips,3.5,$3.50,43.8 ¢/oz
Ruffles Potato Chips Jalapeno Ranch Flavored 8.0 oz Bag,Snack Chips,4.18,$4.18,52.3 ¢/oz
"Doritos Tortilla Chips Flamas Flavored Snack Chips, 9.25 Ounce Bag",Snack Chips,3.97,$3.97,42.7 ¢/oz
"Lay's Classic Potato Chips Snack Chips, 1 Ounce Bag",Snack Chips,0.48,$0.48,48.0 ¢/oz
"Tostitos Restaurant Style Original Tortilla Chips, 17 oz Party Size Bag",Snack Chips,5,$5.00,29.4 ¢/oz
"Pringles Snack Cups Original Potato Crisps Chips, Lunch Snacks, 12 Count",Snack Chips,6.97,$6.97,87.1 ¢/oz
"PopCorners No Artificial Colors or Flavors Kettle Corn Popped Corn Chips Bag, 7 oz",Snack Chips,4.18,$4.18,59.7 ¢/oz
"Lay's Salt & Vinegar Potato Snack Chips,Party Size, 12.5 oz Bag",Snack Chips,4.97,$4.97,39.8 ¢/oz
"Ruffles Smokehouse BBQ Naturally and Artificially Flavored Potato Chips, 8 oz",Snack Chips,3.97,$3.97,49.6 ¢/oz
"Great Value Family Variety Chip Pack, 1 oz, 30 Count",Snack Chips,11.37,$11.37,28.3 ¢/oz
"Lays Jalapeno Kettle Cooked Potato Chips Bag, 8 oz",Snack Chips,2.97,$2.97,37.1 ¢/oz
"Doritos Minis Tortilla Chips Cool Ranch Flavored, 5.125 oz, Canister",Snack Chips,2,$2.00,39.2 ¢/oz
"Miss Vickie's Sour Cream Herb and Onion Kettle Cooked Potato Chips, 8 oz Bag",Snack Chips,3.5,$3.50,43.8 ¢/oz
"Pringles Cheddar and Sour Cream Potato Crisps Chips, Lunch Snacks, 5.5 oz Canister",Snack Chips,1.68,$1.68,30.5 ¢/oz
"Lay's Stax Original Potato Chips, 5.75 oz, Plastic Canister",Snack Chips,2,$2.00,34.5 ¢/oz
"Pringles Salt and Vinegar Potato Crisps Chips, Lunch Snacks, 5.5 oz Canister",Snack Chips,1.68,$1.68,30.5 ¢/oz
"Lay's Dill Pickle Flavored Potato Chips, Party Size, 12.5 oz Bag",Snack Chips,4.77,$4.77,38.2 ¢/oz
"Great Value Honey BBQ Flavored Crunchy Corn Chips, 9.25 oz",Snack Chips,1.97,$1.97,21.2 ¢/oz
"Pringles Variety Pack Potato Crisps Chips, Lunch Snacks, 16 Count",Snack Chips,13.98,$13.98,63.5 ¢/oz
Tostitos Tortilla Chips Salsa Verde 11 Ounce Bag,Snack Chips,3.97,$3.97,36.1 ¢/oz
"Great Value Original Corn Chips, 9.25 oz",Snack Chips,1.97,$1.97,21.2 ¢/oz
"Pringles Dill Pickle Potato Crisps Chips, Lunch Snacks, 5.5 oz Canister",Snack Chips,2.27,$2.27,41.3 ¢/oz
"Lay's Wavy Potato Chips Lightly Salted Snack Chips, 7.5 Ounce Bag",Snack Chips,2.5,$2.50,33.3 ¢/oz
"Siete Family Foods Tortilla Chip, Hint of Lime, 5 oz Bag",Snack Chips,4.66,$4.66,93.2 ¢/oz
"Lay's Cheddar & Sour Cream Flavored Potato Chips, Party Size, 12.5 oz Bag",Snack Chips,4.97,$4.97,39.8 ¢/oz
"Cape Cod Potato Chips, Less Fat Original Kettle Chips, 8 oz",Snack Chips,3.96,$3.96,49.5 ¢/oz
"Cheetos Puffs Cheese Flavored Party Size Snack Chips, 13.5 Ounce Bag",Puffed Snacks,5.58,$5.58,41.3 ¢/oz
"Simply Doritos Tortilla Chips White Cheddar Nacho Flavored, 7.5 oz Bag",Snack Chips,4.17,$4.17,55.6 ¢/oz
"PopCorners Popped Corn Snack Chips, 3 Flavor Variety Pack, 15 Count Multipack",Snack Chips,9.97,$9.97,$1.06/oz
Lays All Dressed Potato Chips 7.75 oz Bag,Snack Chips,2.5,$2.50,32.3 ¢/oz
Doritos Spicy Sweet Chili Flavored Tortilla Chips 14.5 oz Bag,Snack Chips,5,$5.00,34.5 ¢/oz
"Funyuns Onion Rings Flavored Snack Chips, 0.75 oz Bag",Snack Chips,0.48,$0.48,64.0 ¢/oz
"Miss Vickies Jalapeno Kettle Cooked Potato Chips Bag, 8 oz",Snack Chips,3.5,$3.50,43.8 ¢/oz
"Fritos Corn Chips BBQ Flavor Snack Chips, 9.25 Ounce Bag",Snack Chips,4.12,$4.12,44.3 ¢/oz
"PopCorners No Artificial Colors or Flavors Spicy Queso Popped Corn Chips Bag, 7 oz",Snack Chips,4.18,$4.18,59.7 ¢/oz
"SunChips 100% Whole Grain Honey BBQ Snack Chips Bag, 7 oz",Snack Chips,3.98,$3.98,56.9 ¢/oz
"Cheetos Crunchy XXTRA Flamin' Hot Cheese Flavored Snack Chips, 8.5 Ounce Bag (Packaging May Vary)",Puffed Snacks,3.97,$3.97,46.7 ¢/oz
"Great Value Lightly Salted Wavy Potato Chips, 13 oz",Snack Chips,2.96,$2.96,22.8 ¢/oz
"Takis 18 pc / 1 oz Variety Pack, Assorted Rolled Tortilla Chips",Snack Chips,9.97,$9.97,55.4 ¢/oz
"Lay's Stax Sour Cream & Onion Flavored Potato Chips, 5.5 oz Canister",Snack Chips,2,$2.00,36.4 ¢/oz
"Great Value Kettle Cooked Original Potato Chips, 8 oz",Snack Chips,1.97,$1.97,24.6 ¢/oz
"SunChips 100% Whole Grain French Onion Snack Chips Bag, 7 oz",Snack Chips,3.98,$3.98,56.9 ¢/oz
"Kettle Brand Potato Chips, Sea Salt & Vinegar Kettle Chips, Party Size, 13 oz",Snack Chips,4.98,$4.98,38.3 ¢/oz
"Great Value Chile Limon Flavored Crunchy Potato Chips, 8 oz",Snack Chips,1.5,$1.50,18.8 ¢/oz
"Great Value Flavor Variety Chip Pack, 1 oz, 20 Count",Snack Chips,8.38,$8.38,41.9 ¢/oz
"Great Value Crunchy Original Dipping Corn Chips, 9.25 oz",Snack Chips,1.97,$1.97,21.2 ¢/oz
"Doritos Tortilla Chips, Nacho Cheese, 1 oz Bag",Snack Chips,0.48,$0.48,48.0 ¢/oz
"Ruffles Flamin' Hot BBQ Flavored Potato Snack Chips, 8 Ounce Bag",Snack Chips,4.48,$4.48,56.0 ¢/oz
"Takis Fuego Kettlez 8 oz Sharing Size Bag, Hot Chili Pepper & Lime Kettle-Cooked Potato Chips",Snack Chips,3.78,$3.78,47.3 ¢/oz
Lay's Potato Chips Lightly Salted Party Size 12.5 Ounce Bag,Snack Chips,4.77,$4.77,38.2 ¢/oz
"Lay's Limon Flavored Potato Chips, Party Size, 12.5 Ounce Bag",Snack Chips,4.77,$4.77,38.2 ¢/oz
"Lays Original Sea Salt Kettle Cooked Potato Chips Bag, 8 oz",Snack Chips,2.97,$2.97,37.1 ¢/oz
"Tostitos Scoops! Tortilla Chips Multigrain, 10 oz Bag",Snack Chips,3.97,$3.97,39.7 ¢/oz
"Munchies Cheese Fix Party Size Snack Chips, 13 Ounce Bag",Snack Chips,5.88,$5.88,45.2 ¢/oz
"Doritos Tortilla Chips Late Night Loaded Taco, 9 oz Bag",Snack Chips,3.97,$3.97,44.1 ¢/oz
"Cheetos Crunchy Cheddar Jalapeno Cheese Puff Chips, 8.5 oz Bag",Puffed Snacks,3.97,$3.97,46.7 ¢/oz
"Ruffles Potato Chips, Queso, 12.5 oz Bag",Snack Chips,5.94,$5.94,47.5 ¢/oz
"Pringles Ranch Potato Crisps Chips, Lunch Snacks, 5.5 oz Canister",Snack Chips,1.68,$1.68,30.5 ¢/oz
"SunChips Minis, Harvest Cheddar Canister Snack Chips, 3.75 oz Canister",Snack Chips,2,$2.00,52.6 ¢/oz
"Great Value Original Dippers Bowlz Tortilla Chips, 10 oz",Snack Chips,1.97,$1.97,19.7 ¢/oz
Doritos Simply Tortilla Chips Zesty Cool Ranch Flavored 7.5 oz Bag,Snack Chips,4.17,$4.17,52.1 ¢/oz
"Mission Strips White Corn Tortilla Chips, 11 Ounce Bag",Snack Chips,2.84,$2.84,25.8 ¢/oz
"Tostitos Salsa Verde Flavored Tortilla Chips Party Size Bag, 17 oz",Snack Chips,5.94,$5.94,34.9 ¢/oz
"Doritos Flamin' Hot Cool Ranch Flavored Tortilla Chips, 9.25 oz Bag",Snack Chips,3.97,$3.97,42.7 ¢/oz
"Lays Jalapeno Kettle Cooked Potato Chips Party Size Bag, 12.5 oz",Snack Chips,4.77,$4.77,38.2 ¢/oz
"Great Value Bite Size Tortilla Chips, 13 oz",Snack Chips,1.97,$1.97,15.2 ¢/oz
"Lay's Potato Chips Sweet and Spicy Honey 7.75 oz, Bag",Snack Chips,2.5,$2.50,32.1 ¢/oz
"Sensible Portions Garden Veggie Wavy Chips, Cheddar Sour Cream, 6 oz",Snack Chips,3.38,$3.38,56.3 ¢/oz
"Cheetos Minis Cheddar Flavored Snack Chips, 3.625 oz, Canister",Puffed Snacks,2,$2.00,55.6 ¢/oz
"SunChips 100% Whole Grain Harvest Cheddar Snack Chips Bag, 12 oz",Snack Chips,5.38,$5.38,44.8 ¢/oz
"Great Value Cheddar & Sour Cream Ripple Potato Chips, 1.75 oz",Snack Chips,0.94,$0.94,41.8 ¢/oz
"Quest Tortilla Style Protein Chips, Loaded Taco Flavor, Baked, Low Carb, 4 Count",Protein Supplements,8.48,$8.48,$1.88/oz
"Great Value Wavy Lightly Salted Potato Chips, 7.5 oz",Snack Chips,1.5,$1.50,20.0 ¢/oz
"Fritos Flavor Twists Honey BBQ Flavor Corn Snacks, 9.25 Ounce Bag",Snack Chips,4.12,$4.12,44.3 ¢/oz
"Cape Cod Potato Chips, Original Kettle Chips, 8 oz",Snack Chips,3.77,$3.77,47.1 ¢/oz
"Siete Family Foods Grain Free Tortilla Chips, Sprinkle of Sea Salt, 5 oz",Snack Chips,3.48,$3.48,69.6 ¢/oz
"Great Value Hint of Lime Crispy Tortilla Chips, 13 oz",Snack Chips,1.97,$1.97,15.2 ¢/oz
"Takis 18 pc / 1 oz Hero Variety Pack, Assorted Rolled Tortilla Chips",Snack Chips,9.97,$9.97,55.4 ¢/oz
"On The Border Roasted Garlic & Mexican Herb Cafe Style Tortilla Chips, 13oz Bag",Snack Chips,3.88,$3.88,29.8 ¢/oz
"Takis Chile Limon 9.9 oz Sharing Size Bag, Chili & Lime Rolled Tortilla Chips",Snack Chips,4.08,$4.08,41.2 ¢/oz
"Tostitos Tortilla Chips Lightly Salted, 12 oz Bag",Snack Chips,3.97,$3.97,33.1 ¢/oz
"Frito-Lay Flamin' Hot Mix Variety Pack Snack Chips, 18 Count Multipack",Snack Chips,9.97,$9.97,57.3 ¢/oz
"Doritos Tangy and Sweet Golden Sriracha Tortilla Chips, 9.25 Ounce Bag",Snack Chips,3.97,$3.97,42.9 ¢/oz
"Pringles Loaded Potato Skins Potato Crisps Chips, Lunch Snacks, 5.5 oz Canister",Snack Chips,2.27,$2.27,41.3 ¢/oz
"PopCorners No Artificial Colors or Flavors Cinnamon Crunch Popped Corn Chips Bag, 7 oz",Snack Chips,4.18,$4.18,59.7 ¢/oz
"Quest Tortilla Style Protein Chips, Chili Lime, 1.1oz - 4 Count Bags",Protein Supplements,8.48,$8.48,$1.88/oz
"bettergoods Finely Ground Cassava Flour Hatch Chile Tortilla Chips, 10 oz",Snack Chips,3.47,$3.47,34.7 ¢/oz
"Bugles Original Crispy Corn Snacks, Family Size, Corn Chips, 14.5 oz",Snack Chips,4.12,$4.12,28.4 ¢/oz
"Pringles 7-Layer Dip Potato Crisps Chips, Lunch Snacks, 5.5 oz Canister",Snack Chips,2.27,$2.27,41.3 ¢/oz
"Tostitos Cantina Traditional Yellow Corn Tortilla Chips,13 Ounce Bag",Snack Chips,3.97,$3.97,30.5 ¢/oz
"Pringles Lightly Salted Original Potato Crisps Chips, Lunch Snacks, 5.2 oz Canister",Snack Chips,1.68,$1.68,32.3 ¢/oz
"Great Value Restaurant Style White Corn Tortilla Chips Party Size, 17 oz",Snack Chips,2.44,$2.44,14.4 ¢/oz
"Great Value Sweetened Banana Chips, 12 oz",Snack Chips,3.58,$3.58,29.8 ¢/oz
"Lays Cajun Spice Kettle Cooked Potato Chips Bag, 8 oz",Snack Chips,2.97,$2.97,37.1 ¢/oz
Cazo de Oro 14oz Tortilla Chip,Snack Chips,2.98,$2.98,21.3 ¢/oz
"Takis Fuego Mini 25 pc / 1.23 oz Bite Size Multipack, Hot Chili Pepper & Lime Rolled Tortilla Chips",Snack Chips,14.28,$14.28,$11.90/oz
"Tostitos Restaurant Style Original Tortilla Chips, 12 oz Bag",Snack Chips,3.97,$3.97,33.1 ¢/oz
"bettergoods Honey Roasted Sesame Chips, 8 oz",Snack Chips,4.32,$4.32,54.0 ¢/oz
"Pringles Honey Mustard Potato Crisps Chips, Lunch Snacks, 5.5 oz Canister",Snack Chips,2.27,$2.27,41.3 ¢/oz
"Great Value Stack Attack Sour Cream and Onion Potato Crisps, 5.5 oz",Snack Chips,1.5,$1.50,27.3 ¢/oz
"Pringles Cheddar Cheese Potato Crisps Chips, Lunch Snacks, 12 Count",Snack Chips,6.97,$6.97,79.2 ¢/oz
"Kettle Brand Potato Chips, Jalapeno Kettle Chips, Party Size, 13 oz",Snack Chips,4.98,$4.98,38.3 ¢/oz
"Tostitos Tortilla Chips Crispy Rounds, 12 oz Bag",Snack Chips,3.97,$3.97,33.1 ¢/oz
"Tostitos Hint of Lime Flavored Tortilla Chips, 17 oz Bag",Snack Chips,5.94,$5.94,34.9 ¢/oz
My Nana's Ready to Eat Sweet Bunuelos Chips,Snack Chips,6.84,$6.84,76.0 ¢/oz
"Funyuns Onion Flavored Rings Snacks, 5.25 oz Bag",Snack Chips,4.82,$4.82,91.8 ¢/oz
"Doritos Tortilla Chips Nacho Cheese Flavor, 2.625 oz Bag",Snack Chips,2.24,$2.24,85.2 ¢/oz
"Great Value Smoky Barbecue Crunchy Potato Chips, 2.25 oz",Snack Chips,0.94,$0.94,41.8 ¢/oz
"Ruffles Simply Potato Chips Hot & Spicy Flavored, 7.5 oz Bag",Snack Chips,4.17,$4.17,52.1 ¢/oz
"Sabritones Chile & Lime Puffed Wheat Snacks, 4 oz Bag, Snack Chips",Puffed Snacks,2.88,$2.88,72.0 ¢/oz
"Great Value Lightly Salted Wavy Potato Chips, 7.5 oz",Snack Chips,1.5,$1.50,20.0 ¢/oz
"Cheetos Minis Cheddar Flavored, Snack Chips Single Serve Canister 1.5 oz",Snack Chips,1.48,$1.48,92.5 ¢/oz
"Pringles Elote Mexican Street Corn Potato Crisps Chips, Lunch Snacks, 5.5 oz Canister",Snack Chips,2.27,$2.27,41.3 ¢/oz
"Frito-Lay Doritos & Cheetos Mix Variety Pack Snack Chips, 18 Count Multipack",Snack Chips,9.97,$9.97,56.6 ¢/oz
"Simply Ruffles Potato Chips Sea Salt, Party Size, 13 oz",Snack Chips,6.17,$6.17,47.5 ¢/oz
"Takis Blue Heat Waves 8 oz Sharing Size Bag, Hot Chili Pepper Wavy Potato Chips",Snack Chips,3.78,$3.78,47.3 ¢/oz
"Frito-Lay Cheesy Snack Chips Variety Pack, 18 Count Multipack Box",Snack Chips,9.97,$9.97,56.6 ¢/oz
"Takis Blue Heat 3.25 oz Snack Size Bag, Hot Chili Pepper Rolled Tortilla Chips",Snack Chips,2.34,$2.34,72.0 ¢/oz
"Gardetto's Special Request Garlic Rye Chips, Snack Bag, 14 oz",Snack Chips,3.96,$3.96,28.3 ¢/oz
"Calidad Mexican Restaurant Style Corn Tortilla Chips, 10.5 Ounce Bag",Snack Chips,2.36,$2.36,22.5 ¢/oz
"Pringles Chili Cheese Fries Potato Crisps Chips, Lunch Snacks, 5.5 oz Canister",Snack Chips,2.27,$2.27,41.3 ¢/oz
"Lay's Stax Potato Crisps Mesquite Barbecue Flavored 5.5 Oz, Canister",Snack Chips,2,$2.00,36.4 ¢/oz
"Quest Protein Chips, BBQ, 21g Protein, 1.1 Oz, Single",Snack Chips,2.78,$2.78,$2.53/oz
"Sensible Portions Garden Veggie Flavor Burst Zesty Ranch Tortilla Chips, 12 oz",Snack Chips,5.47,$5.47,45.6 ¢/oz
"Takis Fuego 3.25 oz Snack Size Bag, Hot Chili Pepper & Lime Rolled Tortilla Chips",Snack Chips,2.34,$2.34,72.0 ¢/oz
"Great Value Chile Adobo Flavored Crunchy Potato Chips, 8 oz",Snack Chips,1.5,$1.50,18.8 ¢/oz
"Ruffles Potato Chips Cheddar & Sour Cream, 2.25 oz Bag",Snack Chips,2.24,$2.24,99.6 ¢/oz
"Frito-Lay Family Fun Mix Variety Pack Snack Chips, 18 Count Multipack",Snack Chips,9.97,$9.97,59.0 ¢/oz
"Takis Zombie 9.9 oz Sharing Size Bag, Habanero & Cucumber Rolled Tortilla Chips",Snack Chips,4.08,$4.08,41.2 ¢/oz
"Doritos Simply NKD, No Dyes No Artificial Flavors Nacho Cheese Tortilla Chips Bag, 9.25 oz",Snack Chips,3.97,$3.97,42.9 ¢/oz
"Takis Guacamole 9.9 oz Sharing Size Bag, Guacamole Rolled Tortilla Chips",Snack Chips,4.08,$4.08,41.2 ¢/oz
"Calidad Chile Limon Tortilla Chips, 10 Ounce Bag",Snack Chips,2.36,$2.36,23.6 ¢/oz
"Takis Dragon Sweet Chili Waves 8 oz Sharing Size Bag, Spicy Sweet Chili Pepper Wavy Potato Chips",Snack Chips,3.78,$3.78,47.3 ¢/oz
"Sensible Portions Garden Veggie Snack Sea Salt Potato Chips, 5 oz Canister",Snack Chips,2.82,$2.82,56.4 ¢/oz
"Fritos Scoops! Corn Snacks, Party Size, 15.5 oz Bag",Snack Chips,5.46,$5.46,35.2 ¢/oz
"Stacys No Artificial Colors or Flavors Sea Salt Pita Chips Bag, 16 oz",Snack Chips,7.58,$7.58,47.4 ¢/oz
"Great Value Nacho Cheese Tortilla Chips, 2.5 oz Bag",Snack Chips,0.94,$0.94,37.6 ¢/oz
"Lay's Classic Potato Chips Snacks, 2.5 oz Bag",Snack Chips,2.24,$2.24,89.6 ¢/oz
"Doritos Dinamita Chile Limon Tortilla Chips, 3.24 oz Bag",Snack Chips,2.24,$2.24,68.9 ¢/oz
"Frito Lay Flavor Mix Chips Variety Pack, 1 oz, 18 Count",Snack Chips,9.97,$9.97,55.4 ¢/oz
"Takis Dragon Sweet Chili 9.9 oz Sharing Size Bag, Spicy Sweet Chili Pepper Rolled Tortilla Chips",Snack Chips,4.08,$4.08,41.2 ¢/oz
"Takis Intense Nacho 9.9 oz Sharing Size Bag, Cheese Rolled Tortilla Chips",Snack Chips,4.08,$4.08,41.2 ¢/oz
"On The Border Lime & Sea Salt Cafe Style Tortilla Chips, 13oz Bag",Snack Chips,3.88,$3.88,50.1 ¢/oz
"Takis Buckin' Ranch 9.9 oz Sharing Size Bag, Ranch Rolled Tortilla Chips",Snack Chips,4.08,$4.08,41.2 ¢/oz
"Frito Lay Bold Mix Chips Variety Pack, 18 Count",Snack Chips,9.97,$9.97,58.6 ¢/oz
"Great Value Sea Salt Pita Chips Party Size, 18 oz",Snack Chips,5.42,$5.42,30.1 ¢/oz
"Pringles Hot Ones Barbacoa Potato Crisps Chips, Spicy Snacks, 5.5 oz",Snack Chips,2.27,$2.27,41.3 ¢/oz
"Quest Tortilla Style Protein Chips, Nacho Cheese, 1.1oz, 1 Ct",Snack Chips,2.78,$2.78,$2.53/oz
Doritos Tortilla Chips Cool Ranch Flavored 2.625 oz Bag,Snack Chips,2.24,$2.24,85.2 ¢/oz
"Takis Fuego Waves 8 oz Sharing Size Bag, Hot Chili Pepper & Lime Wavy Potato Chips",Snack Chips,3.78,$3.78,47.3 ¢/oz
"Cheetos Crunchy Flamin' Hot Cheese Flavored Snack Chips, 1 Ounce Bag",Puffed Snacks,0.48,$0.48,48.0 ¢/oz
"PopCorners No Artificial Colors or Flavors White Cheddar Popped Corn Chips Bag, 12 oz",Snack Chips,5.94,$5.94,49.5 ¢/oz
"Simply Tostitos Avocado Oil & Sea Salt, 7.5 oz Bag",Snack Chips,4.17,$4.17,55.6 ¢/oz
Buldak Habanero Lime Potato Chips,Snack Chips,4.14,$4.14,97.9 ¢/oz
Calbee Shrimp Chips Baked Wheat Puffed Original Flavor 4oz,Snack Chips,3.42,$3.42,85.5 ¢/oz
"Quest Tortilla Style Protein Chips, Nacho Cheese, Baked, 1.1oz, 4 Count",Protein Supplements,8.48,$8.48,$1.88/oz
"The Good Crisp Company Gluten Free Original Snack Chips, 5.6 oz",Snack Chips,3.93,$3.93,70.2 ¢/oz
"Pringles Rojo Potato Crisps Chips, Lunch Snacks, 5.5 oz Canister",Snack Chips,2.27,$2.27,41.3 ¢/oz
"Cheez-It Snap'd Cheddar Sour Cream Onion Cheese Cracker Chips, Thin Crisps, 12 oz",Snack Chips,5.87,$5.87,48.9 ¢/oz
"Great Value Original Dippers Bowlz Tortilla Chips Party Size, 14.5 oz",Snack Chips,3.48,$3.48,24.0 ¢/oz
"Sensible Portions Garden Veggie Flavor Burst Nacho Cheese Tortilla Chips, 12 oz",Snack Chips,5.47,$5.47,45.6 ¢/oz
"Takis Nitro 9.9 oz Sharing Size Bag, Habanero & Lime Rolled Tortilla Chips",Snack Chips,4.08,$4.08,41.2 ¢/oz
"SunChips Minis Garden Salsa Flavored Canister, 3.75 oz",Snack Chips,2,$2.00,52.6 ¢/oz
"Cheetos Crunchy Cheese Flavored Snacks, 15 oz Bag",Puffed Snacks,5.58,$5.58,37.2 ¢/oz
"Pik-Nik Original Shoestring Potatoes, 4 oz",Snack Chips,2.08,$2.08,52.0 ¢/oz
"Takis Crunchy Fajitas 9.9 oz Sharing Size Bag, Fajita Rolled Tortilla Chips",Snack Chips,4.08,$4.08,41.2 ¢/oz
"Frito-Lay Fiery Mix Variety Pack Snack Chips, 18 Count Multipack",Snack Chips,9.97,$9.97,57.4 ¢/oz
"Doritos Simply NKD, No Dyes No Artificial Flavors Cool Ranch Tortilla Chips Bag, 9.25 oz",Snack Chips,3.97,$3.97,42.9 ¢/oz
"Lay's Barbeque Flavored Potato Chips, 2.5 oz Bag",Snack Chips,2.24,$2.24,89.6 ¢/oz
Doritos Flavored Tortilla Chips Golden Sriracha Flavored 2.625 oz Bag,Snack Chips,2.24,$2.24,85.2 ¢/oz
"Fritos Original Corn Chips Snacks, 3.375 oz Bag",Snack Chips,2.24,$2.24,66.3 ¢/oz
"Pringles Hot Ones Verde Potato Crisps Chips, Spicy Snacks, 5.5 oz",Snack Chips,2.27,$2.27,41.3 ¢/oz
"Pringles Sour Cream and Onion Potato Crisps Chips, Lunch Snacks, 1.4 oz Canister",Snack Chips,0.88,$0.88,62.9 ¢/oz
"bettergoods Finely Ground Cassava Flour Red Quinoa Tortilla Chips, 10 oz",Snack Chips,3.47,$3.47,34.7 ¢/oz
"Takis Intense Nacho 17 oz Fiesta Size Bag, Cheese Rolled Tortilla Chips",Snack Chips,4.47,$4.47,26.3 ¢/oz
"Frito Lay Classic Mix Chips Variety Pack, 1 oz, 18 Count",Snack Chips,9.97,$9.97,55.4 ¢/oz
"PopCorners No Artificial Colors or Flavors Sea Salt Popped Corn Chips Bag, 7 oz",Snack Chips,4.18,$4.18,59.7 ¢/oz
"(4 pack) Lay's Potato Chips, Cheddar & Sour Cream, 7.75 oz Bag",Snack Chips,10,$10.00,32.1 ¢/oz
"Frito-Lay Flavor Mix Variety Pack Snack Chips, 28 Count Multipack",Snack Chips,15.98,$15.98,60.3 ¢/oz
"Takis Nacho Xplosion 9.9 oz Sharing Size Bag, Cheese and Chili Pepper Rolled Tortilla Chips",Snack Chips,4.08,$4.08,41.2 ¢/oz
"Takis Chile Limon 3.25 oz Snack Size Bag, Chili & Lime Rolled Tortilla Chips",Snack Chips,2.34,$2.34,72.0 ¢/oz
"Lay's Poppables Sea Salt Potato Snacks, 5 oz Single Bag",Snack Chips,2.5,$2.50,50.0 ¢/oz
"The Good Crisp Company Gluten Free Sour Cream and Onion Snack Chips, 5.6 oz",Snack Chips,3.93,$3.93,70.2 ¢/oz
"Sensible Portions Garden Veggie Flavor Burst Smoky BBQ Tortilla Chips, 12 oz",Snack Chips,5.47,$5.47,45.6 ¢/oz
"Chester's Fries Potato Crisps Honey BBQ Flavored Snacks, 4.25 oz Bag",Snack Chips,2.88,$2.88,67.8 ¢/oz
"Great Value Original Potato Chips, 2.25 oz",Snack Chips,0.94,$0.94,41.8 ¢/oz
"Frito Lay Family Fun Mix Chips Variety Pack, Mega Size, 42 Count",Snack Chips,19.98,$19.98,49.8 ¢/oz
Doritos Minis Cool Ranch Flavored Tortilla Chips Single Serve Canister 1.95 oz,Snack Chips,1.48,$1.48,64.3 ¢/oz
"Takis Churro Charge 9.9 oz Sharing Size Bag, Cinnamon Sugar Rolled Tortilla Chips",Snack Chips,4.08,$4.08,41.2 ¢/oz
"bettergoods Okra Chips, 3 oz",Snack Chips,6.42,$6.42,$2.14/oz
"RITZ Toasted Chips Sour Cream and Onion Crackers, Party Snacks, 8.1 oz",Snack Crackers,4.17,$4.17,51.5 ¢/oz
"(2 pack) On The Border Cafe Style Tortilla Chips, Gluten-Free, 16.5 oz Bag",Snack Chips,7.76,$7.76,23.5 ¢/oz
"Cheetos Crunchy Cheese Flamin' Hot Flavored Snacks, 8.5 oz",Puffed Snacks,3.97,$3.97,46.7 ¢/oz
Funyuns Onion Flavored Rings Flamin' Hot Flavored 5.25 oz Bag,Snack Chips,4.82,$4.82,91.8 ¢/oz
"Lay's Snacks Mix Variety Pack, 1 oz, 18 Count",Snack Chips,9.97,$9.97,55.4 ¢/oz
"bettergoods Pineapple Habanero Seasoned Sesame Chips, 8 oz",Snack Chips,4.32,$4.32,54.0 ¢/oz
"Frito Lay Bold Mix Chips Variety Pack, Mega Size, 42 Count",Snack Chips,19.98,$19.98,49.0 ¢/oz
"(4 pack) Lay's Dill Pickle Potato Snack Chips, 7.75 oz Bag",Snack Chips,10,$10.00,32.1 ¢/oz
Great Value Flavor Variety Chips Pack 40 Count 1 oz bags,Snack Chips,15.97,$15.97,39.9 ¢/oz
"Quest Tortilla Style Protein Chips with 19g of Protein,Pizza Flavor, 1.1 Oz, Single",Protein Supplements,2.78,$2.78,$2.53/oz
"(3 pack) Takis Fuego Kettlez 8 oz Sharing Size Bag, Hot Chili Pepper & Lime Kettle-Cooked Potato Chips",Snack Chips,11.34,$11.34,47.3 ¢/oz
"Takis Fuego Chippz 8 oz Sharing Size Bag, Hot Chili Pepper & Lime Thin-Cut Potato Chips",Snack Chips,3.78,$3.78,47.3 ¢/oz
"(3 pack) Fritos Regular Corn Chips, 9.25 oz Single Bag",Snack Chips,12.36,$12.36,44.3 ¢/oz
"Great Value Baked Apple Chips, 0.53 oz, 6 Count",Snack Chips,6.14,$6.14,$1.92/oz
"Bugles Nacho Cheese Crispy Corn Snacks, Family Size Snack Bag, Salty Snack, 14.5 oz",Snack Chips,4.12,$4.12,28.4 ¢/oz
"Frito-Lay Fiery Mix Variety Snacks, 1 oz Bags 42 Count Multipack",Snack Chips,19.98,$19.98,47.6 ¢/oz
"Quest Salsa Verde Flavor Tortilla Style Protein Chips, High Protein, Baked, Gluten Free, 1.1oz Bag, Single",Protein Supplements,2.78,$2.78,$2.53/oz
"(3 pack) Great Value Original Dippers Bowlz Tortilla Chips, 10 oz",Snack Chips,5.91,$5.91,19.7 ¢/oz
"PopCorners No Artificial Colors or Flavors Smokehouse BBQ Popped Corn Chips Bag, 7 oz",Snack Chips,4.18,$4.18,59.7 ¢/oz
"Funyuns Minis Onion Flavored Rings Original, 2.875 oz Canister",Snack Chips,2,$2.00,69.4 ¢/oz
"Pringles Snack Cups BBQ Potato Crisps Chips, Lunch Snacks, 12 Count",Snack Chips,6.97,$6.97,79.2 ¢/oz
"Smartfood Flavored Popcorn 3 Flavor Variety Pack Snack Chips, 0.5 oz Bags, 18 Count Multipack",Snack Chips,9.97,$9.97,$1.11/oz
"(3 pack) Great Value Restaurant Style White Corn Tortilla Chips Party Size, 17 oz",Snack Chips,7.32,$7.32,14.4 ¢/oz
"Frito-Lay Classic Mix Snack Chips Variety Pack, 28 Count Multipack",Snack Chips,15.98,$15.98,58.5 ¢/oz
"Utz Potato Stix, Gluten-Free, 15 oz Canister",Snack Chips,5.22,$5.22,34.8 ¢/oz
"bettergoods Mixed Bell Pepper Chips with Himalayan Salt, 3 oz",Snack Chips,6.42,$6.42,$2.14/oz
"Ocean's Halo, 5pk Seaweed Snack, Healthy, Sea Salt, Vegan Keto Nori Crispy Chips",Seaweed & Sea Vegetables,3.48,$3.48,24.9 ¢/oz
"(2 pack) On The Border Lime & Sea Salt Cafe Style Tortilla Chips, 13oz Bag",Snack Chips,7.76,$7.76,50.1 ¢/oz
"Lay's Stax Potato Crisps, Salt & Vinager, 5.5 Oz",Snack Chips,2,$2.00,36.4 ¢/oz
"Quest Tortilla Style Protein Chips, Ranch, Baked, Gluten Free, 4 Count",Protein Supplements,8.48,$8.48,$1.88/oz
Cheetos Crunchy Cheese Flavored Snacks Flamin Hot Party Size 15 oz Bag,Snack Chips,5.58,$5.58,37.2 ¢/oz
"Quest Buffalo Ranch Flavor Tortilla Style Protein Chips, Baked, High Protein, 1.1oz Bag, Singl",Protein Supplements,2.78,$2.78,$2.53/oz
"Pure Protein, Popped Crisps, Sour Cream and Onion Chips, 1 Count",Snack Chips,1.98,$1.98,$1.56/oz
"Frito-Lay Flavor Mix Variety Pack Snack Chips, 42 Count Multipack",Snack Chips,19.98,$19.98,47.7 ¢/oz
"(2 pack) On The Border Roasted Garlic & Mexican Herb Cafe Style Tortilla Chips, 13oz Bag",Snack Chips,7.76,$7.76,29.8 ¢/oz
"(2 pack) Sensible Portions Garden Veggie Snack Sea Salt Potato Chips, 5 oz Canister",Snack Chips,5.64,$5.64,56.4 ¢/oz
Frito-Lay Doritos & Cheetos Mix Variety Pack Snack Chips Multipack 42 Count,Snack Chips,19.98,$19.98,48.3 ¢/oz
"Doritos Golden Sriracha Tortilla Chips Bag, 1 oz",Snack Chips,0.48,$0.48,48.0 ¢/oz
"(3 pack) Takis Guacamole 9.9 oz Sharing Size Bag, Guacamole Rolled Tortilla Chips",Snack Chips,12.24,$12.24,41.2 ¢/oz
"(7 pack) Great Value Cheddar & Sour Cream Ripple Potato Chips, 1.75 oz",Snack Chips,6.58,$6.58,41.8 ¢/oz
"Quest Tortilla Style Protein Chips, Spicy Sweet Chili, High Protein, Baked, Gluten Free, 4 Count",Protein Supplements,8.48,$8.48,$1.88/oz
"(4 pack) Takis Zombie 9.9 oz Sharing Size Bag, Habanero & Cucumber Rolled Tortilla Chips",Snack Chips,16.32,$16.32,41.2 ¢/oz
"(3 pack) Ruffles Simply Sea Salted Potato Snack Chips, 8 oz Bag",Snack Chips,12.51,$12.51,52.1 ¢/oz
"Frito Lay Classic Mix Chips Variety Pack, Mega Size, 1 oz, 42 Count",Snack Chips,19.98,$19.98,51.2 ¢/oz
"Bare Baked Crunchy Apple Chips, Sea Salt & Caramel, 3.275 oz",Snack Chips,4.48,$4.48,$1.37/oz
"(3 pack) Takis Blue Heat 17 oz Fiesta Size Bag, Hot Chili Pepper Rolled Tortilla Chips",Snack Chips,13.41,$13.41,26.3 ¢/oz
"Takis Fuego Stix 9.9 oz Sharing Size Bag, Hot Chili Pepper & Lime Corn Snack Sticks",Snack Chips,4.08,$4.08,41.2 ¢/oz
"RITZ Toasted Chips Veggie Crackers, Party Snacks, 8.1 oz",Snack Crackers,4.17,$4.17,51.5 ¢/oz
"(2 pack) Pure Protein, Popped Crisps, Sour Cream and Onion Chips, 1 Count",Snack Chips,3.96,$3.96,$1.56/oz
"(3 pack) Sensible Portions Garden Veggie Flavor Burst Zesty Ranch Tortilla Chips, 12 oz",Snack Chips,16.41,$16.41,45.6 ¢/oz
(3 pack) My Nana's Ready to Eat Sweet Bunuelos Chips,Snack Chips,20.52,$20.52,76.0 ¢/oz
"(4 pack) Great Value Original Dippers Bowlz Tortilla Chips Party Size, 14.5 oz",Snack Chips,13.92,$13.92,24.0 ¢/oz
"Bare Natural Apple Chips, Crispy Reds, Gluten Free, Baked, 3.4 oz Bag",Dried Fruits,4.48,$4.48,$1.32/oz
"(4 pack) Doritos Nacho Cheese Tortilla Snack Chips,Party Size, 14.5 Ounce Bag",Snack Chips,20,$20.00,34.5 ¢/oz
"(4 pack) The Good Crisp Company Gluten Free Original Snack Chips, 5.6 oz",Snack Chips,15.72,$15.72,70.2 ¢/oz
"(3 pack) Takis Fuego Waves 8 oz Sharing Size Bag, Hot Chili Pepper & Lime Wavy Potato Chips",Snack Chips,11.34,$11.34,47.3 ¢/oz
"RITZ Toasted Chips Roasted Garlic Crackers, Party Snacks, 8.1 oz",Snack Crackers,4.17,$4.17,51.5 ¢/oz
"Takis Blue Heat Mini 25 pc / 1.23 oz Bite Size Multipack, Hot Chili Pepper Rolled Tortilla Chips",Snack Chips,14.28,$14.28,46.4 ¢/oz
"(3 pack) Takis Fuego Chippz 8 oz Sharing Size Bag, Hot Chili Pepper & Lime Thin-Cut Potato Chips",Snack Chips,11.34,$11.34,47.3 ¢/oz
"Funyuns Spicy Queso Onion Flavored Rings, 5.25 oz Bag",Snack Chips,4.82,$4.82,91.8 ¢/oz
"RITZ Toasted Chips Cheddar Crackers, Party Snacks, 8.1 oz",Snack Crackers,4.17,$4.17,51.5 ¢/oz
"Cheez-It Snap'd Cheddar Sour Cream and Onion Cheese Cracker Chips, Thin Crisps, 7.5 oz",Snack Crackers,3.87,$3.87,51.6 ¢/oz
"RITZ Toasted Chips Original Crackers, Party Snacks, 8.1 oz",Snack Crackers,4.17,$4.17,51.5 ¢/oz
"(4 pack) Ruffles Cheddar & Sour Cream Potato Snack Chips, Party Size, 12.5 oz Bag",Snack Chips,23.76,$23.76,47.5 ¢/oz
"(3 pack) Takis Dragon Sweet Chili Waves 8 oz Sharing Size Bag, Spicy Sweet Chili Pepper Wavy Potato Chips",Snack Chips,11.34,$11.34,47.3 ¢/oz
"Cheez-It Snap'd Double Cheese Cracker Chips, Thin Crisps, 7.5 oz",Snack Crackers,3.37,$3.37,44.9 ¢/oz
"RITZ Toasted Chips Sweet Habanero Crackers, Party Snacks, 8.1 oz",Snack Crackers,4.17,$4.17,51.5 ¢/oz
"(7 pack) PopCorners No Artificial Colors or Flavors White Cheddar Popped Corn Chips Bag, 7 oz",Snack Chips,29.26,$29.26,59.7 ¢/oz
"(4 pack) The Good Crisp Company Gluten Free Sour Cream and Onion Snack Chips, 5.6 oz",Snack Chips,15.72,$15.72,70.2 ¢/oz
"(3 pack) Miss Vickie's Sour Cream Herb and Onion Kettle Cooked Potato Chips, 8 oz Bag",Snack Chips,10.5,$10.50,43.8 ¢/oz
"(4 pack) bettergoods Finely Ground Cassava Flour Guacamole Flavored Tortilla Chips, 10 oz",Snack Chips,13.88,$13.88,34.7 ¢/oz
"(3 pack) Great Value Baked Apple Chips, 0.53 oz, 6 Count",Snack Chips,18.42,$18.42,$1.92/oz
"(10 pack) Great Value Sea Salt Pita Chips Party Size, 18 oz",Snack Chips,54.2,$54.20,30.1 ¢/oz
"(3 pack) Takis Blue Heat Waves 8 oz Sharing Size Bag, Hot Chili Pepper Wavy Potato Chips",Snack Chips,11.34,$11.34,47.3 ¢/oz
"(3 pack) Miss Vickies Applewood Smoked BBQ Kettle Cooked Potato Chips Bag, 8 oz",Snack Chips,10.5,$10.50,43.8 ¢/oz
"Cheez-It Snap'd Double Cheese Cheesy Cracker Chips, Thin Crisps, 10 Count",Snack Crackers,5.97,$5.97,79.6 ¢/oz
"Cheez-It Snap'd Double Cheese Cracker Chips, Thin Crisps, 12 oz",Snack Crackers,5.87,$5.87,48.9 ¢/oz
"(3 pack) Takis Buckin' Ranch 9.9 oz Sharing Size Bag, Ranch Rolled Tortilla Chips",Snack Chips,12.24,$12.24,41.2 ¢/oz
"(3 pack) Takis Intense Nacho 9.9 oz Sharing Size Bag, Cheese Rolled Tortilla Chips",Snack Chips,12.24,$12.24,41.2 ¢/oz
"(3 pack) Tostitos Hint of Lime Flavored Tortilla Chips, 17 oz Bag",Snack Chips,17.82,$17.82,34.9 ¢/oz
"RITZ Toasted Chips Sour Cream and Onion Crackers, Party Snacks, Family Size, 11.4 oz",Snack Crackers,5.24,$5.24,46.0 ¢/oz
"(3 pack) Takis Intense Nacho 17 oz Fiesta Size Bag, Cheese Rolled Tortilla Chips",Snack Chips,13.41,$13.41,26.3 ¢/oz
"(4 pack) Fritos Scoops! Corn Chips, 9.25 oz. Bag",Snack Chips,15.88,$15.88,42.7 ¢/oz
"(3 pack) Sensible Portions Garden Veggie Snack Sour Cream & Onion Potato Chips, 5 oz Canister",Snack Chips,8.46,$8.46,56.4 ¢/oz
"(3 pack) PopCorners No Artificial Colors or Flavors Cinnamon Crunch Popped Corn Chips Bag, 7 oz",Snack Chips,12.54,$12.54,59.7 ¢/oz
"(3 pack) Bare Natural Apple Chips, Crispy Reds, Gluten Free, Baked, 3.4 oz Bag",Snack Chips,13.44,$13.44,$1.32/oz
"Freshness Guaranteed Churro Chips and Vanilla Buttercream Dip Party Tray, 10 oz",Snack Chips,6.84,$6.84,68.4 ¢/oz
"(6 pack) Great Value Nacho Cheese Tortilla Chips, 2.5 oz Bag",Snack Chips,5.64,$5.64,37.6 ¢/oz
"(4 pack) Cheetos Puff Cheese Flavored Snack Chips, 8 oz",Puffed Snacks,15.88,$15.88,49.6 ¢/oz
"(3 pack) Tostitos Salsa Verde Flavored Tortilla Chips Party Size Bag, 17 oz",Snack Chips,17.82,$17.82,34.9 ¢/oz
"(7 pack) PopCorners No Artificial Colors or Flavors Kettle Corn Popped Corn Chips Bag, 7 oz",Snack Chips,29.26,$29.26,59.7 ¢/oz
"(6 pack) Siete Family Foods Tortilla Chip Variety Pack, 6 Pack",Snack Chips,50.04,$50.04,$1.39/oz
"Baked Cheetos Crunchy 50% Less Fat Flamin Hot Cheese Flavored Snacks Bag, 7.625 oz",Puffed Snacks,3.98,$3.98,52.4 ¢/oz
"Kinder's BBQ Potato Chip Seasoned Panko Crumb Coating Mix, 5 oz",Snack Chips,4.12,$4.12,82.4 ¢/oz
"Snacks Frito Lay Tostitos Hot Spicy Queso Dip, 15 oz Jar",Snack Chips,4.74,$4.74,31.6 ¢/oz
"Great Value Nacho Cheese Tortilla Chips, 9.75 oz Bag",Snack Chips,2.24,$2.24,22.9 ¢/oz
"Santitas Tortilla Chips Cilantro Lime Flavored Snack Chips, 10.5 Ounce Bag",Snack Chips,2.74,$2.74,26.1 ¢/oz
"(3 pack) Santitas Tortilla Chips Cilantro Lime Flavored Snack Chips, 10.5 Ounce Bag",Snack Chips,8.22,$8.22,26.1 ¢/oz
"SunChips 100% Whole Grain Snacks, 4 Flavor Variety Pack, 1 oz, 18 Count",Snack Chips,9.97,$9.97,55.4 ¢/oz
"Pringles Original Potato Crisps Chips, Lunch Snacks, 2.3 oz Canister",Snack Chips,1.48,$1.48,64.3 ¢/oz
"Folgers Classic Roast Ground Coffee, Medium Roast, 40.3 oz Canister",Ground Coffee,20.24,$20.24,50.2 ¢/oz
"Don Francisco's Premium Vanilla Nut Ground Flavored Coffee: Rich, Aromatic 100% Arabica Beans - Family Crafted for a Delightful Morning Brew (12 oz Can)",Ground Coffee,8.58,$8.58,71.5 ¢/oz
"Folgers Classic Roast Ground Coffee, Medium Roast, 9.6 oz Canister",Ground Coffee,6.97,$6.97,72.6 ¢/oz
"Folgers Classic Roast Ground Coffee, Medium Roast, 25.9 oz Canister",Ground Coffee,13.86,$13.86,53.5 ¢/oz
"Folgers Black Silk, Dark Roast Coffee, Keurig K Cup Pods, 48 Count Box",Coffee Pods,29.44,$29.44,$2.17/oz
"Maxwell House Original Medium Roast Ground Coffee, 27.5 oz Canister, Medium",Ground Coffee,14.96,$14.96,54.4 ¢/oz
"Folgers Half Caff Medium Roast Coffee, 22.6 oz Canister",Ground Coffee,13.88,$13.88,61.4 ¢/oz
"Great Value Classic Roast Ground Naturally Caffeinated Coffee, 9.6 oz Canister",Ground Coffee,5.88,$5.88,61.3 ¢/oz
"Don Francisco's Hawaiian Hazelnut Ground Flavored Coffee: Rich, Aromatic 100% Arabica Beans - (12 oz Recyclable Can)",Ground Coffee,8.58,$8.58,71.5 ¢/oz
"Dunkin’ Original Blend Medium Roast Ground Coffee, 30 oz Canister",Ground Coffee,23.42,$23.42,78.1 ¢/oz
"Great Value Classic Medium Roast Ground Coffee, Naturally Caffeinated, 40.3 oz",Ground Coffee,19.77,$19.77,49.1 ¢/oz
"Great Value Donut Shop 100% Arabica Medium Roast Ground Coffee Pods, 12 Ct",Coffee Pods,4.67,$4.67,38.9 ¢/oz
"Great Value Donut Shop 100% Arabica Medium Roast Ground Coffee Pods, 48 Ct",Coffee Pods,16.68,$16.68,90.7 ¢/oz
"Cafe Bustelo, Espresso Style Dark Roast Ground Coffee, Vacuum Packed 10 oz Brick",Ground Coffee,6.62,$6.62,66.2 ¢/oz
"International Delight Ready to Drink Caramel Macchiato Iced Coffee, 64 fl oz Carton",Bottled Coffee Drinks,4.64,$4.64,7.3 ¢/fl oz
"Cafe Bustelo, Espresso Style Dark Roast Ground Coffee, 10 oz Can",Ground Coffee,7.94,$7.94,79.4 ¢/oz
"SToK Bold & Smooth Medium Roast Black Unsweetened Ready to Drink Cold Brew Coffee Bottle, 48 fl oz",Bottled Coffee Drinks,5.97,$5.97,12.4 ¢/fl oz
"McCafe Premium Roast, Medium Roast, Ground Coffee, 30 oz",Ground Coffee,19.96,$19.96,66.5 ¢/oz
"Maxwell House Original Roast Medium Roast K-Cup® Coffee Pods, 24 ct Box",Coffee Pods,15.12,$15.12,$1.82/oz
McCafe Premium Roast Coffee K-Cup Pods Medium Roast 5000201379,Coffee Pods,14.67,$14.67,$1.77/oz
"Nescaf Gold Espresso Blonde, Instant Coffee, 3.5 oz",Instant Coffee,9.68,$9.68,$2.77/oz
"Starbucks Iced Coffee Unsweetened Medium Roast, 100% Arabica Beans, No Sugar, No Milk, 48 fl oz",Bottled Coffee Drinks,5.98,$5.98,12.5 ¢/fl oz
"Great Value Donut Shop, 100% Arabica, Medium Roast, Ground Coffee, 12 oz",Ground Coffee,6.98,$6.98,58.2 ¢/oz
"Folgers Colombian Ground Coffee, Medium Roast, 22.6 oz Canister",Ground Coffee,13.88,$13.88,61.4 ¢/oz
"Great Value 100% Arabica Caramel Medium Roast Coffee Pods, 12 Ct",Coffee Pods,4.67,$4.67,$1.20/oz
"Great Value French Vanilla Medium Roast Ground Coffee, 12 oz, Bag",Ground Coffee,6.98,$6.98,58.2 ¢/oz
"Great Value Donut Shop 100% Arabica Medium Roast Ground Coffee, Naturally Caffeinated, 25.9 oz",Ground Coffee,15.24,$15.24,58.8 ¢/oz
"Great Value Caramel Pecan Ground Coffee, 12 oz",Ground Coffee,6.98,$6.98,58.2 ¢/oz
"Dunkin’ Original Blend Medium Roast Ground Coffee, 12 oz Bag",Ground Coffee,10.62,$10.62,88.5 ¢/oz
"Don Francisco's Premium Colombia Supremo Ground Coffee: Rich, Aromatic 100% Arabica Beans - Family Crafted Flavored Coffee for a Delightful Morning Brew (12 oz Can)",Ground Coffee,8.58,$8.58,71.5 ¢/oz
"Folgers Breakfast Blend Ground Coffee, Mild Roast, 22.6 oz Canister",Ground Coffee,13.88,$13.88,61.4 ¢/oz
"Great Value French Dark Roast 100% Arabica Ground Coffee, Naturally Caffeinated, 22.6 oz",Ground Coffee,12.22,$12.22,54.1 ¢/oz
"Folgers Classic Roast Instant Coffee, 3 oz Jar",Instant Coffee,5.38,$5.38,$1.79/oz
"International Delight Ready to Drink Vanilla Iced Coffee, 64 fl oz Carton",Bottled Coffee Drinks,4.64,$4.64,7.3 ¢/fl oz
"Great Value Crme Brulee Medium Roast Ground Coffee, 12 oz, Bag",Ground Coffee,6.98,$6.98,58.2 ¢/oz
"International Delight Ready to Drink Mocha Iced Coffee, 64 fl oz Carton",Bottled Coffee Drinks,4.64,$4.64,7.3 ¢/fl oz
"NESCAF Taster's Choice House Blend, Light Medium Roast Instant Coffee, 7 oz, 1 Jar",Instant Coffee,13.18,$13.18,$1.88/oz
"Starbucks Iced Espresso Vanilla Latte Iced Coffee Drink with Cow Milk, 40 oz Bottle",Bottled Coffee Drinks,5.98,$5.98,15.0 ¢/fl oz
"Dunkin Original Blend Medium Roast Ground Coffee, 12 oz Bag",Ground Coffee,10.62,$10.62,88.5 ¢/oz
"Great Value 100% Arabica Colombian Medium-Dark Roast Ground Coffee, 12 oz, Bag",Ground Coffee,6.98,$6.98,58.2 ¢/oz
"Folgers Black Silk Ground Coffee, Dark Roast, 22.6 oz Canister",Ground Coffee,13.88,$13.88,61.4 ¢/oz
"Seattles Best Coffee, Post Alley, Dark Roast, Ground Coffee, 100% Arabica, 12 oz",Ground Coffee,7.47,$7.47,62.3 ¢/oz
"Great Value 100% Arabica French Vanilla Medium Roast Ground Coffee Pods, 12 Ct",Coffee Pods,4.67,$4.67,$1.20/oz
"Nescaf Gold Espresso Intense, Instant Coffee, 3.5 oz",Instant Coffee,9.68,$9.68,$2.77/oz
"NESCAF CLSICO Dark Roast Coffee, Instant Coffee, 10.5 oz, 1 Jar",Instant Coffee,13.94,$13.94,$1.33/oz
"Seattles Best Coffee, Portside, Medium Roast, Ground Coffee, 100% Arabica, 12 oz",Ground Coffee,7.47,$7.47,62.3 ¢/oz
"Great Value 100% Arabica Colombian Medium Dark Roast Ground Coffee Pods, 12 Ct",Coffee Pods,4.67,$4.67,$1.20/oz
"Starbucks Unsweetened Iced Coffee Beverage - Blonde Roast, 48 fl oz Bottle, Made with Rich Cow Milk, OU Kosher Dairy",Bottled Coffee Drinks,5.98,$5.98,12.5 ¢/fl oz
"Great Value Hazelnut Medium Roast Ground Coffee, 12 oz, Bag",Ground Coffee,6.98,$6.98,58.2 ¢/oz
"The Original Donut Shop, Snickers and Twix Coffee Variety Pack Flavored K-Cup Coffee Pods, 50 Count",Coffee Pods,12,$12.00,72.7 ¢/oz
"Black Rifle Coffee Tactisquatch, Dark Roast, Ground Coffee,12 oz",Ground Coffee,12.96,$12.96,$1.08/oz
"Folgers Classic Roast Instant Coffee, 8 oz Jar",Instant Coffee,9.42,$9.42,$1.18/oz
"Starbucks Pike Place Roast, Ground Coffee, Medium Roast Hot or Iced Coffee, 12 oz",Ground Coffee,9.97,$9.97,83.1 ¢/oz
"Folgers Colombian Ground Coffee, Medium Roast, 33.7 oz Canister",Ground Coffee,22.24,$22.24,66.0 ¢/oz
"Great Value Extra Caff Medium-Dark Roast Coffee Pods, 12 Ct",Coffee Pods,5.12,$5.12,$1.11/oz
"Great Value Classic Medium Roast Instant Coffee, 12 oz",Instant Coffee,7.58,$7.58,63.2 ¢/oz
"Folgers Black Silk, Dark Roast Coffee, Keurig K Cup Pods, 24 Count Box",Coffee Pods,15.72,$15.72,$2.32/oz
"Great Value Donut Shop 100% Arabica Medium Roast Ground Coffee Pods, 38.4oz, 100 Count",Coffee Pods,29.97,$29.97,78.0 ¢/oz
"Great Value 100% Arabica Breakfast Blend Medium Roast Ground Coffee Pods, 12 Ct",Coffee Pods,4.67,$4.67,$1.20/oz
"Great Value 100% Arabica Colombian Medium Roast Ground Coffee Pods, 48 Count",Coffee Pods,16.68,$16.68,$1.05/oz
"Folgers French Vanilla Artificially Flavored Ground Coffee, Medium Roast, 9.6 oz Canister",Ground Coffee,9.97,$9.97,$1.04/oz
"Black Rifle Coffee Spirit of '76, Medium Roast, Ground Coffee, 12 oz",Ground Coffee,12.96,$12.96,$1.08/oz
"Cafe Bustelo Espresso Ground Coffee, Dark Roast, 22 oz Canister",Ground Coffee,15.96,$15.96,72.5 ¢/oz
"Great Value Cinnamon Vanilla Ground Coffee, 12 oz",Ground Coffee,7.94,$7.94,66.2 ¢/oz
"Death Wish Coffee, Medium Roast, Ground, Fair Trade, Organic, Bag, 10oz",Ground Coffee,10.44,$10.44,$1.04/oz
"Death Wish Coffee, Organic and Fair Trade, Dark Roast, Ground Coffee, 16oz",Ground Coffee,16.44,$16.44,$1.03/oz
"Dunkin Original Blend Medium Roast Ground Coffee, 30 oz Canister",Ground Coffee,23.42,$23.42,78.1 ¢/oz
"Folgers Colombian Ground Coffee, Medium Roast, 9.6 oz Canister",Ground Coffee,9.57,$9.57,99.7 ¢/oz
"McCafe Colombian, Medium-Dark Roast, Ground Coffee, 30 oz",Ground Coffee,19.96,$19.96,66.5 ¢/oz
"Great Value Caramel Pecan Medium Roast Coffee Pods, 12 Ct",Coffee Pods,4.62,$4.62,$1.19/oz
"Peet's Coffee Major Dickason's Blend Premium Dark Roast Ground Coffee, Arabica, 18 oz",Ground Coffee,15.97,$15.97,88.7 ¢/oz
"Folgers Classic Roast Instant Coffee, Single Serve Packets",Instant Coffee,1.53,$1.53,$3.12/oz
"Great Value 100% Arabica Creamy Hazelnut Medium Roast Arabica Coffee Pods, 12 Ct",Coffee Pods,4.67,$4.67,$1.20/oz
"Folgers Classic Roast, Medium Roast Coffee, Keurig K Cup Pods, 24 Count Box",Coffee Pods,15.72,$15.72,$2.32/oz
"Black Rifle Coffee Company Just Black Whole Bean Coffee, Medium Roast, 10.6 oz",Whole Bean Coffee,12.96,$12.96,$1.22/oz
"NESCAF Caf de Olla, Cinnamon Flavored Instant Coffee, 6.7 oz, 1 Jar",Instant Coffee,11.08,$11.08,$1.65/oz
"Dunkin’ Original Blend Whole Bean Coffee, Medium Roast, 12 oz Bag",Whole Bean Coffee,10.62,$10.62,88.5 ¢/oz
"Great Value Classic Roast Ground Coffee Pods, 12 Count",Coffee Pods,4.82,$4.82,$1.27/oz
"Black Rifle Coffee Company Beyond Black, Dark Roast, Ground Coffee, 12 oz",Ground Coffee,12.96,$12.96,$1.08/oz
"Black Rifle Coffee Company Wakin the Neighbors High Caffeine, Medium Roast, Ground Coffee, 12 oz",Ground Coffee,12.96,$12.96,$1.08/oz
"NESCAF Espresso Concentrate Black, Instant Espresso Coffee Concentrate, 10 fl oz",Bottled Coffee Drinks,7.97,$7.97,79.7 ¢/fl oz
"International Delight Zero Ready to Drink 0g Added Sugar, Caramel Macchiato Iced Coffee, 64 fl oz Carton",Bottled Coffee Drinks,4.64,$4.64,7.3 ¢/fl oz
"Starbucks Veranda Blend, Ground Coffee, Starbucks Blonde Roast Hot or Iced Coffee, 18 oz",Ground Coffee,10,$10.00,55.6 ¢/oz
"NESCAF CLSICO Dark Roast Coffee, Instant Coffee, 3.5 oz, 1 Jar",Instant Coffee,7.12,$7.12,$2.03/oz
"Great Value 100% Arabica Breakfast Blend Medium Roast Ground Coffee Pods, 48 Ct",Coffee Pods,16.68,$16.68,34.8 ¢/oz
"Great Value Classic Medium Roast Instant Coffee, 8 oz",Instant Coffee,5.68,$5.68,71.0 ¢/oz
"Folgers Black Silk Ground Coffee, Smooth Dark Roast Coffee, 33.7oz Canister",Ground Coffee,22.24,$22.24,66.0 ¢/oz
"Starbucks Pike Place Roast, Hot or Iced Coffee, Medium Roast K-Cup Coffee Pods, 22 Count",Coffee Pods,15.24,$15.24,$1.57/oz
"Black Rifle Coffee Company Just Black, Medium Roast, Ground Coffee,12 oz",Ground Coffee,12.96,$12.96,$1.08/oz
"Folgers Gourmet Supreme Ground Coffee, Medium Dark Roast, 22.6 oz Canister",Ground Coffee,13.88,$13.88,61.4 ¢/oz
"Great Value 100% Arabica Colombian Medium-Dark Roast Instant Coffee, 7 oz",Instant Coffee,9.22,$9.22,$1.32/oz
"International Delight Zero Ready to Drink 0g Added Sugar, Mocha Iced Coffee, 64 fl oz Carton",Bottled Coffee Drinks,4.64,$4.64,7.3 ¢/fl oz
"Death Wish Coffee, Organic and Fair Trade, Espresso Roast, Ground Coffee, 9oz",Ground Coffee,10.44,$10.44,$1.16/oz
"Cafe Bustelo Espresso Style, Dark Roast Coffee, Keurig K Cup Pods, 24 Count Box",Coffee Pods,15.72,$15.72,$1.77/oz
"Starbucks Pike Place Roast, Ground Coffee, Medium Roast Hot or Iced Coffee, 18 oz",Ground Coffee,14.47,$14.47,80.4 ¢/oz
"Great Value French Roast, 100% Arabica, Dark Roast, Ground Coffee, 12 oz",Ground Coffee,6.98,$6.98,58.2 ¢/oz
"Starbucks Caramel, Ground Coffee, Flavored Hot or Iced Coffee, 11 oz",Ground Coffee,9.97,$9.97,90.6 ¢/oz
"Starbucks Veranda Blend, Ground Coffee, Starbucks Blonde Roast Hot or Iced Coffee, 28 oz",Ground Coffee,20.97,$20.97,74.9 ¢/oz
"Great Value Decaf Classic Medium Roast Ground Coffee, 9.6 oz",Ground Coffee,5.44,$5.44,56.7 ¢/oz
"Great Value 100% Arabica French Dark Roast Ground Coffee Pods, 34.9 oz, 100 Count",Coffee Pods,29.97,$29.97,85.9 ¢/oz
"Great Value Medium Roast Cinnamon Vanilla Ground Coffee Pods, 12 Ct",Coffee Pods,4.62,$4.62,$1.19/oz
"Great Value 100% Arabica Colombian Medium Dark Roast Ground Coffee Pods, 33.1 oz, 100 Count",Coffee Pods,29.97,$29.97,90.5 ¢/oz
"Green Mountain Coffee Roasters, Breakfast Blend Light Roast K-Cup Coffee Pods, 24 Count",Coffee Pods,14.67,$14.67,$1.96/oz
"Great Value 100% Arabica French Dark Roast Ground Coffee Pods, 12 Ct",Coffee Pods,4.67,$4.67,$1.14/oz
"Dunkin Caramel Me Crazy Ground Coffee, 11 oz",Ground Coffee,10.62,$10.62,96.5 ¢/oz
"Great Value 100% Arabica French Vanilla Medium Roast Ground Coffee Pods, 48 Ct",Coffee Pods,16.68,$16.68,$1.05/oz
"Juan Valdez Classic Freeze-Dried Instant Coffee  Premium Colombian, 3.52 oz",Instant Coffee,7.12,$7.12,$2.03/oz
"Death Wish Coffee, Organic and Fair Trade, Dark Roast, Single-Serve Coffee Pods, 18 Count",Coffee Pods,16.74,$16.74,$2.12/oz
"NESCAF Taster's Choice House Blend, Light Medium Roast Instant Coffee, 1 Box, 6 Packets",Instant Coffee,1.54,$1.54,$2.44/oz
"Starbucks Pike Place Roast, Whole Coffee Beans, Medium Roast Hot or Iced Coffee, 28 oz",Whole Bean Coffee,20.97,$20.97,74.9 ¢/oz
"SToK Not Too Sweet Medium Roast Black Ready to Drink Cold Brew Coffee Bottle, 48 fl oz",Bottled Coffee Drinks,5.97,$5.97,12.4 ¢/fl oz
"Seattles Best Coffee, Organic 6th Ave Bistro, Dark Roast, Organic Ground Coffee, 10 oz",Ground Coffee,7.47,$7.47,70.8 ¢/oz
"Great Value 100% Arabica French Dark Roast Ground Coffee Pods, 48 Ct",Coffee Pods,16.68,$16.68,99.9 ¢/oz
"Starbucks Breakfast Blend, Hot or Iced Coffee, Medium Roast K-Cup Coffee Pods, 22 Count",Coffee Pods,15.24,$15.24,$1.57/oz
"Great Value 100% Arabica Toasted Coconut Light Roast Arabica Coffee Pods, 12 Ct",Coffee Pods,4.67,$4.67,$1.20/oz
"Great Value Decaf Classic Medium Roast Ground Coffee, 25.9 oz",Ground Coffee,16.23,$16.23,62.7 ¢/oz
"Great Value Classic Roast Ground Coffee Pods, 48 Count",Coffee Pods,16.68,$16.68,$1.10/oz
"Starbucks Maple Pecan, Ground Coffee, Flavored Roast Hot or Iced Coffee, 17 oz",Ground Coffee,14.47,$14.47,85.1 ¢/oz
"Green Mountain Coffee Roasters, Caramel Vanilla Cream Light Roast K-Cup Coffee Pods, 24 Count",Coffee Pods,14.67,$14.67,$1.86/oz
"Nescaf Ice Roast, Instant Coffee, 6 oz",Instant Coffee,9.68,$9.68,$1.61/oz
"Peet's Coffee Major Dickason's Blend Premium Dark Roast Whole Bean Coffee, Arabica, 18 oz",Whole Bean Coffee,16.86,$16.86,93.7 ¢/oz
"Great Value 100% Arabica Colombian Medium-Dark Roast Ground Coffee, 32 oz, Bag",Ground Coffee,19.12,$19.12,59.8 ¢/oz
"Black Rifle Coffee Company Loyal Spirit, Light Roast, Ground Coffee, 12 oz",Ground Coffee,12.98,$12.98,$1.08/oz
"Green Mountain Coffee Roasters, Nantucket Blend Medium Roast K-Cup Coffee Pods, 24 Count",Coffee Pods,14.67,$14.67,$1.86/oz
"SToK Espresso Blend Dark Roast Black Unsweetened Ready to Drink Cold Brew Coffee Bottle, 48 fl oz",Bottled Coffee Drinks,5.97,$5.97,12.4 ¢/fl oz
"Cinnabon Classic Cinnamon Roll Flavored K-Cup Coffee Pods, Light Roast, 24 Count for Keurig Brewers",Coffee Pods,14.67,$14.67,61.1 ¢/oz
"Peet's Coffee Major Dickason's Blend Premium Dark Roast Whole Bean Coffee, Arabica, 10.5 oz",Whole Bean Coffee,11.56,$11.56,$1.10/oz
"Great Value Donut Shop, 100% Arabica, Medium Roast, Ground Coffee, 32 oz",Ground Coffee,19.44,$19.44,60.8 ¢/oz
"Peet's Coffee Major Dickason's Blend Premium Dark Roast Ground Coffee, Arabica, 10.5 oz",Ground Coffee,11.56,$11.56,$1.10/oz
"Dunkin Original Blend Medium Roast Coffee, Keurig K Cup Pods, 10 Count Box",Coffee Pods,9.67,$9.67,$2.61/oz
"NESCAF CLSICO Colombia, Medium Roast, Instant Coffee, 6 oz, 1 Jar",Instant Coffee,9.68,$9.68,$1.61/oz
"Folgers Black Silk Ground Coffee, Smooth Dark Roast Coffee, 9.6 oz Canister",Ground Coffee,9.57,$9.57,99.7 ¢/oz
Yuban Ground Coffee Traditional Roast Medium,Ground Coffee,19.87,$19.87,52.0 ¢/oz
"Maxwell House International Hazelnut Cafe Beverage Mix, 9 oz. Canister",Instant Coffee,4.68,$4.68,52.0 ¢/oz
"Starbucks Breakfast Blend, Ground Coffee, Medium Roast Hot or Iced Coffee, 18 oz",Ground Coffee,14.47,$14.47,80.4 ¢/oz
"Starbucks Pike Place Roast, Ground Coffee, Medium Roast Hot or Iced Coffee, 28 oz",Ground Coffee,20.97,$20.97,74.9 ¢/oz
"The Original Donut Shop, Duos Nutty + Caramel Medium Roast K-Cup Coffee Pods, 24 Count",Coffee Pods,14.67,$14.67,$1.77/oz
"Folgers Colombian Coffee, Medium Roast, Keurig K Cup Brewers, 24 Count Box",Coffee Pods,15.72,$15.72,$2.07/oz
"Keurig, Famous Favorites Variety Pack Medium Roast K-Cup Coffee Pods, 24 Count",Coffee Pods,14.67,$14.67,$1.81/oz
"Starbucks By Nespresso Vertuo Line, Starbucks Blonde Espresso Roast, Nespresso Pods, 10 ct",Coffee Pods,12.97,$12.97,$5.43/oz
"Black Rifle Coffee Company Blackbeard's Delight, Dark Roast, Ground Coffee, 12 oz",Ground Coffee,12.96,$12.96,$1.08/oz
"Dunkin' Original Blend Ground Coffee, Medium Roast, 18 oz (Packaging May Vary)",Ground Coffee,15.44,$15.44,85.8 ¢/oz
"Starbucks by Nespresso Vertuo, Pike Place Roast, Medium Roast Nespresso Pods, 8 Count",Coffee Pods,13.62,$13.62,$3.87/oz
"Starbucks Frappuccino Vanilla Chilled Coffee Drink, 9.5 fl oz, 4 count",Bottled Coffee Drinks,7.78,$7.78,20.5 ¢/fl oz
"Green Mountain Coffee Hazelnut Flavored K-Cup Pods, Light Roast, 24 Count for Keurig Brewers",Coffee Pods,14.67,$14.67,$1.86/oz
"Great Value French Vanilla Cappuccino Mix Medium Roast Coffee Pods, 12 Count",Coffee Pods,4.64,$4.64,73.1 ¢/oz
"Great Value Blueberry Coffee Pods, 12 Count",Coffee Pods,4.62,$4.62,$1.19/oz
"Starbucks Caff Verona, Ground Coffee, Dark Roast Hot or Iced Coffee, 18 oz",Ground Coffee,14.47,$14.47,80.4 ¢/oz
"Starbucks Frappuccino Mocha Iced Coffee, 9.5 oz, 4 Pack Bottles",Bottled Coffee Drinks,7.78,$7.78,20.5 ¢/fl oz
Yuban Ground Coffee Traditional Roast Medium,Ground Coffee,14.96,$14.96,53.6 ¢/oz
"Folgers Classic Roast Instant Coffee, 12 oz Jar",Instant Coffee,13.48,$13.48,$1.12/oz
"Starbucks Mocha, Ground Coffee, Flavored Roast Hot or Iced Coffee, 11 oz",Ground Coffee,9.97,$9.97,90.6 ¢/oz
"Starbucks Single-Origin Sumatra, Ground Coffee, Dark Roast Hot or Iced Coffee, 18 oz",Ground Coffee,14.47,$14.47,80.4 ¢/oz
"Hills Bros. White Chocolate Caramel Cappuccino Instant Coffee Mix, 16 Ounce Canister",Instant Coffee,4.43,$4.43,27.7 ¢/oz
"Peet's Coffee Big Bang Premium Medium Roast Ground Coffee, Arabica, 10.5 oz",Ground Coffee,11.56,$11.56,$1.10/oz
"Gevalia Medium Roast Columbia Arabica Ground Coffee, 12 oz. Bag",Ground Coffee,9.96,$9.96,83.0 ¢/oz
"Krispy Kreme Classic Coffee, Medium Roast K-Cup Coffee Pods, 24 Count",Coffee Pods,14.67,$14.67,$1.85/oz
"Starbucks Breakfast Blend, Ground Coffee, Medium Roast Hot or Iced Coffee, 28 oz",Ground Coffee,20.97,$20.97,74.9 ¢/oz
"Dunkin Original Blend Medium Roast Coffee, Keurig K Cup Pods, 22 Count Box",Coffee Pods,18.62,$18.62,$2.29/oz
"Green Mountain Coffee Roasters, Dark Magic Dark Roast K-Cup Coffee Pods, 24 Count",Coffee Pods,14.67,$14.67,$1.53/oz
"Hills Bros. English Toffee Cappuccino Instant Coffee Mix, 16 Ounce Canister",Instant Coffee,4.43,$4.43,27.7 ¢/oz
"Dunkin' Hazelnut Flavored Ground Coffee, 12 oz",Ground Coffee,10.62,$10.62,88.5 ¢/oz
"Maxwell House Original Roast Medium Roast K-Cup Coffee Pods, 24 ct Box",Coffee Pods,15.12,$15.12,$1.82/oz
"Starbucks French Roast, Ground Coffee, Dark Roast Hot or Iced Coffee, 18 oz",Ground Coffee,14.47,$14.47,80.4 ¢/oz
"Death Wish Coffee, Organic and Fair Trade, Light Roast, Ground Coffee, 10oz",Ground Coffee,11.97,$11.97,$1.20/oz
"Starbucks Espresso Roast, Whole Coffee Beans, Dark Roast Hot or Iced Coffee, 18 oz",Whole Bean Coffee,14.47,$14.47,80.4 ¢/oz
"Folgers Classic Decaf Ground Coffee, Medium Roast, 25.9 oz Canister",Ground Coffee,19.96,$19.96,77.1 ¢/oz
"Starbucks French Roast, Hot or Iced Coffee, Dark Roast K-Cup Coffee Pods, 22 Count",Coffee Pods,15.24,$15.24,$1.65/oz
"Folgers Breakfast Blend, Mild Roast Coffee, Keurig K Cup Pods, 24 Count Box",Coffee Pods,15.72,$15.72,$2.66/oz
The Original Donut Shop Coffee,Coffee Pods,14.67,$14.67,$1.58/oz
"Folgers French Vanilla Artificially Flavored Coffee, Mild Roast, Keurig K Cup Pods, 24 Count Box",Coffee Pods,15.72,$15.72,$2.07/oz
"Stumptown Coffee Organic Holler Mountain Premium Dark Roast Ground Coffee, Arabica, 12 oz",Ground Coffee,16.57,$16.57,$1.38/oz
"Starbucks Caramel, Hot or Iced Coffee, Flavored K-Cup Coffee Pods, 22 Count",Coffee Pods,15.24,$15.24,$1.98/oz
"Starbucks Espresso Roast, Ground Coffee, Dark Roast Hot or Iced Coffee, 18 oz",Ground Coffee,14.47,$14.47,80.4 ¢/oz
"Peet's Coffee Organic French Roast Premium Dark Roast Ground Coffee, Arabica, 18 oz",Ground Coffee,15.97,$15.97,88.7 ¢/oz
"Great Value French Roast Ground, 100% Arabica, Medium Roast, Ground Coffee, 32 oz",Ground Coffee,19.44,$19.44,60.8 ¢/oz
"Folgers Decaf Coffee, Ground Coffee, Classic Medium Roast, 9.6 oz Canister",Ground Coffee,8.26,$8.26,86.0 ¢/oz
"McCafe, Colombian Medium-Dark Roast K-Cup Coffee Pods, 24 Count",Coffee Pods,14.67,$14.67,$1.77/oz
"Folgers Toasty Hazelnut Artificially Flavored Coffee, Keurig K Cups, 24 Count Box",Coffee Pods,15.72,$15.72,$2.07/oz
"Dunkin French Vanilla Artificially Flavored Coffee, Keurig K Cup Pods, 22 Count Box",Coffee Pods,18.62,$18.62,$2.29/oz
"Great Value Donut Shop Cold Brew Coffee Concentrate, 32 fl oz",Bottled Coffee Drinks,4.42,$4.42,13.8 ¢/fl oz
Hills Bros. Sugar-Free Double Mocha Cappuccino Instant Coffee Mix 12 Ounce Canister,Instant Coffee,4.43,$4.43,36.9 ¢/oz
"Starbucks Caff Verona, Hot or Iced Coffee, Medium Roast K-Cup Coffee Pods, 22 Count",Coffee Pods,15.24,$15.24,$1.65/oz
"Starbucks House Blend, Ground Coffee, Medium Roast Hot or Iced Coffee, 18 oz",Ground Coffee,14.47,$14.47,80.4 ¢/oz
"Gevalia House Blend Ground Coffee, 12 oz. Bag",Ground Coffee,9.96,$9.96,83.0 ¢/oz
"The Original Donut Shop, Vanilla Latte Flavored K-Cup Coffee Pods, 10 Count",Coffee Pods,7.48,$7.48,$1.03/oz
"Starbucks Crema Collection Premium Instant Salted Caramel Flavored Coffee, 7.12 oz",Instant Coffee,8.97,$8.97,$1.26/oz
"Folgers Buttery Caramel Artificially Flavored Coffee, Keurig K Cup Pods, 24 Count Box",Coffee Pods,15.72,$15.72,$2.07/oz
"Don Francisco's Cinnamon Hazelnut Ground Flavored Coffee: Rich, Aromatic 100% Arabica Blend - Medium Roast for a Delightful Morning Brew (12 oz Can)",Ground Coffee,8.82,$8.82,73.5 ¢/oz
"NESCAF CLSICO Dark Roast Coffee, Instant Coffee, 7 oz, 1 Jar",Instant Coffee,8.37,$8.37,$1.20/oz
"Folgers Black Silk, Dark Roast Coffee, Keurig K Cup Pods, 60 Count Box",Coffee Pods,32.57,$32.57,$1.92/oz
"Folgers Colombian Coffee, Medium Roast, Keurig K Cup Pods, 48 count Box",Coffee Pods,29.44,$29.44,$1.93/oz
"Starbucks Frappuccino Chilled Coffee Drink, Caramel, 4 Count, 9.5 fl oz Bottles",Bottled Coffee Drinks,7.78,$7.78,20.5 ¢/fl oz
"McCafe, Breakfast Blend Light Roast K-Cup Coffee Pods, 24 Count",Coffee Pods,14.67,$14.67,$1.77/oz
"Peet's Coffee Single Origin Brazil Premium Medium Roast Ground Coffee, Arabica, 18 oz",Ground Coffee,15.97,$15.97,88.7 ¢/oz
"Starbucks Cinnamon Dolce, Hot or Iced Coffee, Flavored K-Cup Coffee Pods, 22 Count",Coffee Pods,15.24,$15.24,$1.98/oz
"NESCAF Taster's Choice French Roast, Dark Roast Coffee, Instant Coffee, 7 oz, 1 Jar",Instant Coffee,13.18,$13.18,$1.88/oz
"Hills Bros. French Vanilla Cappuccino Instant Coffee Mix, 16 Ounce Canister",Instant Coffee,4.43,$4.43,27.7 ¢/oz
"Black Rifle Coffee Company Salty Caramel Latte Keurig K-Cup Pods, Medium Roast, 12 Ct",Coffee Pods,11.96,$11.96,$1.90/oz
"Green Mountain Coffee Roasters, French Vanilla Light Roast K-Cup Coffee Pods, 24 Count",Coffee Pods,14.67,$14.67,$1.30/oz
"Folgers Classic Decaf Instant Coffee Crystals Packets, 6 Count",Instant Coffee,1.53,$1.53,$3.64/oz
"The Original Donut Shop, TWIX Flavored K-Cup Coffee Pods, 24 Count",Coffee Pods,14.67,$14.67,$1.86/oz
"Starbucks French Roast, Flavored Ground Coffee, Dark Roast Hot or Iced Coffee, 28 oz",Ground Coffee,20.97,$20.97,74.9 ¢/oz
"1850 Black Gold, Dark Roast Coffee, Keurig K Cup Pods, 24 Count Box",Coffee Pods,15.64,$15.64,$1.76/oz
"Folgers Classic Decaf Instant Coffee, 8 oz Jar",Instant Coffee,10.47,$10.47,$1.31/oz
"The Original Donut Shop, Coconut Mocha Medium Roast K-Cup Coffee Pods, 24 Count",Coffee Pods,14.67,$14.67,$1.80/oz
"Peet's Coffee Major Dickason's Blend Premium Dark Roast Single Serve Coffee Pods, 22 Count",Coffee Pods,16.72,$16.72,$1.72/oz
"Great Value Donut Shop Decaf Ground Coffee Pods, 12 Count",Coffee Pods,4.67,$4.67,$1.26/oz
"Great Value Classic Roast Medium Naturally Caffeinated Ground Coffee, 25.9 oz",Ground Coffee,14.24,$14.24,55.0 ¢/oz
"Gloria Jean's Coffees Butter Toffee Flavored K-Cup Pods, Light Roast, 24 Count for Keurig Brewers",Coffee Pods,14.67,$14.67,$1.81/oz
"Great Value Holiday Frosted Gingerbread Ground Coffee, Medium Roast, 12 oz",Ground Coffee,4.72,$4.72,39.3 ¢/oz
"Hills Bros. Sugar-Free French Vanilla Cappuccino Instant Coffee Mix, 12 Ounce Canister",Instant Coffee,4.43,$4.43,36.9 ¢/oz
"Eight O'Clock The Original, Medium Roast, Ground Coffee 30oz",Ground Coffee,17.87,$17.87,59.6 ¢/oz
"Folgers Classic Roast, Medium Roast Coffee, Keurig K Cup Pods, 60 Count Box",Coffee Pods,32.57,$32.57,$1.93/oz
"Starbucks Holiday Blend, Medium Roast Ground Coffee, Limited Edition Holiday Coffee, 17 oz",Ground Coffee,14.47,$14.47,85.1 ¢/oz
"Maxwell House International Vanilla Caramel Latte Cafe Style Beverage Mix, 8.7 oz. Canister",Instant Coffee,4.68,$4.68,53.8 ¢/oz
"NESCAF Gold Decaf Espresso Instant Coffee, 3.17 oz",Instant Coffee,9.24,$9.24,$2.64/oz
"Starbucks Sunera Blend, Light Roast Ground Coffee, 12 oz",Ground Coffee,9.97,$9.97,83.1 ¢/oz
"Dunkin Colombian Medium Roast Ground Coffee, 11 oz Bag",Ground Coffee,10.62,$10.62,96.5 ¢/oz
"Starbucks Signature Black, Cold Brew Coffee Concentrate, Iced Coffee, 32 fl oz",Bottled Coffee Drinks,8.97,$8.97,28.0 ¢/fl oz
"Great Value Medium Dark Roast Decal Colombian Instant Coffee, 7 oz",Instant Coffee,9.22,$9.22,$1.32/oz
"Dunkin Original Blend Medium Roast Coffee, Keurig K Cup Pods, 44 Count Box",Coffee Pods,32.97,$32.97,$2.02/oz
"Black Rifle Coffee Company Tactisquatch K-Cup Pods, Dark Roast, 22 Ct",Coffee Pods,16.96,$16.96,$1.99/oz
"Green Mountain Coffee Roasters, Decaf Breakfast Blend Light Roast K-Cup Coffee Pods, 24 Count",Coffee Pods,14.67,$14.67,$1.96/oz
"Coffee mate Caramel Flavored Iced Coffee, Non-Dairy Cold Coffee, Ready to Drink 50 fl oz",Bottled Coffee Drinks,3.97,$3.97,7.9 ¢/fl oz
"Great Value Hazelnut Cappuccino Mix, Single Serve Medium Roast Coffee Pods, 12 Ct",Coffee Pods,4.64,$4.64,76.1 ¢/oz
"The Original Donut Shop, Dark Roast K-Cup Coffee Pods, 24 Count",Coffee Pods,14.67,$14.67,$1.58/oz
"Peet's Coffee Decaf French Roast Premium Dark Roast Ground Coffee, Arabica, 10.5 oz",Ground Coffee,11.56,$11.56,$1.10/oz
"Starbucks Frappuccino Vanilla Iced Coffee Drink, 9.5 fl oz 12 Pack Bottles",Bottled Coffee Drinks,22.98,$22.98,20.2 ¢/fl oz
"Peet's Coffee Cafe Domingo Premium Medium Roast Ground Coffee, Arabica, 10.5 oz",Ground Coffee,11.56,$11.56,$1.10/oz
"NESCAF Taster's Choice, Hazelnut Flavored Coffee, Instant Coffee Packets, 1 Box, 16 Packs",Instant Coffee,5.38,$5.38,$3.18/oz
"Newman's Own Organics, Special Blend, Medium Roast K-Cup Coffee Pods, 24 Count",Coffee Pods,14.67,$14.67,$1.53/oz
"Peet's Coffee Organic French Roast Premium Dark Roast Ground Coffee, Arabica, 10.5 oz",Ground Coffee,11.56,$11.56,$1.10/oz
"Stumptown Coffee Organic Holler Mountain Premium Medium Roast Whole Bean Coffee, Arabica, 12 oz",Whole Bean Coffee,16.57,$16.57,$1.38/oz
"Death Wish Coffee, Organic and Fair Trade, Medium Roast, Single-Serve Coffee Pods, 18 Count",Coffee Pods,16.77,$16.77,$2.12/oz
"Starbucks Decaf House Blend, Ground Coffee, Medium Roast Hot or Iced Coffee, 12 oz",Ground Coffee,9.97,$9.97,83.1 ¢/oz
"Great Value Classic Medium Roast Ground Coffee Pods, 31.7 oz, 100 Count",Coffee Pods,29.97,$29.97,94.5 ¢/oz
"Peet's Coffee House Blend Premium Dark Roast Ground Coffee, Arabica, 10.5 oz",Ground Coffee,11.56,$11.56,$1.10/oz
"Black Rifle Coffee Company Just Black Keurig K-Cup Pods, Medium Roast, 12 Ct",Coffee Pods,10.67,$10.67,$2.32/oz
"Gevalia French Roast Ground Coffee, 12 oz. Bag",Ground Coffee,9.96,$9.96,83.0 ¢/oz
"Peet's Coffee Big Bang Premium Medium Roast Ground Coffee, Arabica, 18 oz",Ground Coffee,16.86,$16.86,93.7 ¢/oz
"Starbucks Espresso Roast, Ground Coffee, Dark Roast Hot or Iced Coffee, 28 oz",Ground Coffee,20.97,$20.97,74.9 ¢/oz
"Dunkin Decaf Original Blend Ground Coffee, Medium Roast, 12 oz, bag",Ground Coffee,10.62,$10.62,88.5 ¢/oz
"Black Rifle Coffee Company Spirit of '76 Keurig K-Cup Pods, Medium Roast, 22 Ct",Coffee Pods,16.96,$16.96,$2.00/oz
"Ready to Drink Bones Coffee, Cookies N' Dreams Latte,  11 fluid ounce Can",Bottled Coffee Drinks,3.13,$3.13,28.5 ¢/fl oz
"Cafe Bustelo Sweet & Creamy Cafe con Leche Coffee Drink, Keurig K Cup Pods, 24 Count Box",Coffee Pods,18.12,$18.12,$1.70/oz
"Starbucks Holiday Blend, Medium Roast Whole Bean Coffee, Holiday Limited Edition, 17 oz",Whole Bean Coffee,10,$10.00,58.8 ¢/oz
"Folgers Classic Roast, Medium Roast Coffee, Keurig K Cup Pods, 48 Count Box",Coffee Pods,29.44,$29.44,$2.17/oz
"Starbucks Premium Instant Coffee, Medium Roast Coffee, Arabica Beans, 3.17 oz",Instant Coffee,9.42,$9.42,$2.97/oz
"McCafe, Decaf Premium Medium Roast K-Cup Coffee Pods, 24 Count",Coffee Pods,14.67,$14.67,$1.77/oz
"Dunkin Polar Peppermint Artificially Flavored Ground Coffee, 11 oz",Ground Coffee,10.87,$10.87,98.8 ¢/oz
"Starbucks Premium Instant Coffee, Dark Roast Coffee, Arabica Beans, 3.17 oz",Instant Coffee,9.42,$9.42,$2.97/oz
"Peet's Coffee Off the Grid Premium Medium Roast Ground Coffee, Arabica, 10.5 oz",Ground Coffee,11.56,$11.56,$1.10/oz
"Starbucks Frappuccino Vanilla Iced Coffee, 13.7 oz Bottle",Bottled Coffee Drinks,3.28,$3.28,23.9 ¢/fl oz
"Great Value Half Caffeinated Medium Roast Coffee Pods, 12 Ct",Coffee Pods,4.82,$4.82,$1.24/oz
"Folgers Coffee Singles Classic Roast Coffee Bags, 38 Count",Ground Coffee,13.82,$13.82,$2.30/oz
"Folgers 1/2 Caff Coffee, Medium Roast Coffee, Keurig K Cup Pods, 24 Count Box",Coffee Pods,15.72,$15.72,$2.32/oz
"Black Rifle Coffee Company Just Black Keurig K-Cup Pods, Medium Roast, 22 Ct",Coffee Pods,16.96,$16.96,$2.00/oz
"NESCAF CLSICO Decaf Dark Roast Coffee, Instant Coffee, 7 oz, 1 Jar",Instant Coffee,11.28,$11.28,$1.61/oz
"Green Mountain Coffee Roasters, Half Caff Medium Roast K-Cup Coffee Pods, 24 Count",Coffee Pods,14.67,$14.67,$1.85/oz
"Black Rifle Coffee Company Loyal Spirit Keurig K-Cup Pods, Light Roast, 22 Ct",Coffee Pods,16.96,$16.96,$2.00/oz
"Bolthouse Farms Perfectly Protein Coffee, Mocha Cappuccino, 15.2 fl. oz. Bottle",Bottled Coffee Drinks,3.64,$3.64,23.9 ¢/fl oz
"Folgers Breakfast Blend, Mild Roast Coffee, Keurig K Cup Pods, 48 Count Box",Coffee Pods,27.94,$27.94,$2.36/oz
"Great Value Iced Caramel Macchiato, Medium Roast Arabica Coffee Pods, 12 Count",Coffee Pods,4.47,$4.47,93.1 ¢/oz
"Black Rifle Coffee Company Beyond Black K-Cup Pods, Dark Roast, 22 Ct",Coffee Pods,16.96,$16.96,$2.00/oz
"Great Value Pumpkin Spice Ground Coffee, 12 oz",Ground Coffee,4.72,$4.72,39.3 ¢/oz
"Starbucks Iced Espresso, Cow Milk, Caff Mocha Flavored, Premium Iced Coffee Drink, 40 Oz Bottle",Bottled Coffee Drinks,5.98,$5.98,15.0 ¢/fl oz
"Super Coffee, Vanilla Latte, Protein Coffee, 12 fl oz Bottle, Cow Milk",Bottled Coffee Drinks,2.98,$2.98,24.8 ¢/fl oz
"Eight O'Clock The Original, Medium Roast, Whole Bean Coffee 30oz",Whole Bean Coffee,17.87,$17.87,59.6 ¢/oz
"NESCAF Vanilla Instant Flavored Coffee, 4.2 Oz",Instant Coffee,9.68,$9.68,47.4 ¢/oz
"Dunkin Hazelnut Artificially Flavored Coffee, Keurig K Cup Pods, 22 Count Box",Coffee Pods,18.62,$18.62,$2.29/oz
"Dunkin Gingerbread Artificially Flavored Coffee, Ground Coffee, 11 oz Bag",Ground Coffee,9.24,$9.24,84.0 ¢/oz
"Peet's Coffee Decaf Major Dickason's Blend Premium Dark Roast Ground Coffee, Arabica, 10.5 oz",Ground Coffee,11.56,$11.56,$1.10/oz
"Peet's Coffee Luminosa Breakfast Blend Premium Light Roast Ground Coffee, Arabica, 10.5 oz",Ground Coffee,11.56,$11.56,$1.10/oz
"Seattles Best Coffee, Post Alley, Dark Roast K-Cup Coffee Pods, 100% Arabica, 24 Count",Coffee Pods,14.97,$14.97,62.4 ¢/count
"Dunkin Decaf Medium Roast Coffee, Keurig K Cup Pods, 22 Count Box",Coffee Pods,18.62,$18.62,$2.29/oz
"Starbucks by Nespresso Vertuo, Espresso Roast, Dark Roast Nespresso Pods, 10 Count",Coffee Pods,13.62,$13.62,$5.70/oz
"NESCAF CLSICO Decaf Dark Roast Coffee, Instant Coffee, 3.5 oz, 1 Jar",Instant Coffee,7.84,$7.84,$2.24/oz
"Starbucks Pike Place Roast, Hot or Iced Coffee, Medium Roast K-Cup Coffee Pods, 12 Count",Coffee Pods,9.97,$9.97,$1.92/oz
"Death Wish Coffee, Organic and Fair Trade, Espresso Roast, Single-Serve Coffee Pods, 18 Count",Coffee Pods,15.97,$15.97,$2.22/oz
"McCafe, ICED One Step French Vanilla Latte K-Cup Coffee Pods, 10 Count",Coffee Pods,7.48,$7.48,$1.13/oz
"Folgers Colombian Decaffeinated Coffee, Medium Roast, Keurig K Cup Brewers, 24 Count Box",Coffee Pods,15.72,$15.72,$2.07/oz
"bettergoods Smoky Vanilla Flavored Coffee, Medium Roast, Single Serve Cups, 0.42 oz, 12 Count",Coffee Pods,7.96,$7.96,$1.57/oz
"Slate Milk Vanilla Latte, High Protein Iced Coffee, 20g Protein, 11 fl oz Can",Bottled Coffee Drinks,3.13,$3.13,28.5 ¢/fl oz
"Dunkin' French Vanilla Iced Coffee, 13.7 fl oz Bottle",Bottled Coffee Drinks,3.12,$3.12,22.8 ¢/fl oz
Starbucks Frappuccino Iced Coffee 13.7 oz Bottle,Bottled Coffee Drinks,3.28,$3.28,23.9 ¢/fl oz
"Starbucks Hazelnut Cocoa Flavored Ground Coffee, 100% Arabica, 17 oz",Ground Coffee,14.47,$14.47,85.1 ¢/oz
"Yuban Dark Roast Bold Ground Coffee, 25.3 oz Canister",Ground Coffee,14.96,$14.96,59.1 ¢/oz
"Starbucks Peppermint Mocha Flavored Ground Coffee, 100% Arabica, 17 oz",Ground Coffee,14.47,$14.47,85.1 ¢/oz
"Dunkin' Original Iced Coffee, 13.7 fl oz Bottle",Bottled Coffee Drinks,3.12,$3.12,22.8 ¢/fl oz
"Ready to Drink Cold Brew Bones Coffee, Smores & Graham Crackers Latte, 11 Fluid Ounce Can, made with Reduced Fat Milk",Bottled Coffee Drinks,3.13,$3.13,7.1 ¢/fl oz
"NESCAF Taster's Choice Decaf House Blend, Medium Light Roast Instant Coffee, 7 oz, 1 Jar",Instant Coffee,13.18,$13.18,$1.88/oz
"McCafe, Dulce de Leche One Step Latte Medium Roast K-Cup Coffee Pods, 10 Count",Coffee Pods,7.48,$7.48,$1.13/oz
"Starbucks Frappuccino Mocha Iced Coffee Drink, 13.7 fl oz Bottle",Bottled Coffee Drinks,3.28,$3.28,23.9 ¢/fl oz
"The Original Donut Shop, One Step Classic Cappuccino Flavored K-Cup Coffee Pods, 10 count",Coffee Pods,7.48,$7.48,$1.07/oz
"Black Rifle Coffee Company Tactisquatch Keurig K-Cup Pods, Dark Roast, 12 Ct",Coffee Pods,10.67,$10.67,$2.32/oz
"NESCAF Hazelnut Instant Flavored Coffee, 4.2 Oz",Instant Coffee,9.68,$9.68,$2.31/oz
"Coffee mate Mocha Flavored Iced Coffee, Non-Dairy Cold Coffee, Ready to Drink 50 fl oz",Bottled Coffee Drinks,3.97,$3.97,7.9 ¢/fl oz
"Dunkin' Mocha Iced Coffee, 13.7 fl oz Bottle",Bottled Coffee Drinks,3.12,$3.12,22.8 ¢/fl oz
"Black Rifle Coffee Company Atomic Llama, Cinnamon Brown Sugar, Medium Roast, Ground Coffee 11oz",Ground Coffee,12.96,$12.96,$1.18/oz
"The Original Donut Shop Decaf K-Cup Coffee Pods, Medium Roast, 24 Count for Keurig Brewers",Coffee Pods,14.67,$14.67,$1.58/oz
"Green Mountain Coffee Roasters, Maple Pecan Light Roast K-Cup Coffee Pods, 24 Count",Coffee Pods,14.67,$14.67,$1.86/oz
"Great Value Holiday Frosted Gingerbread Ground Coffee Individual Cups, 3.9 oz, 12 Count",Ground Coffee,4.47,$4.47,$1.15/oz
"Starbucks Frappuccino Chilled Coffee Drink, 9.5 oz Bottles, 4 Count",Bottled Coffee Drinks,7.78,$7.78,20.5 ¢/fl oz
"Starbucks Espresso Roast, Hot or Iced Coffee, Dark Roast K-Cup Coffee Pods, 22 Count",Coffee Pods,15.24,$15.24,$1.88/oz
"Dunkin' Original Iced Coffee, 40oz Bottle",Bottled Coffee Drinks,5.84,$5.84,14.6 ¢/fl oz
"Grinds Coffee Pouches, Nicotine-Free, 50mg Caffeine, Root Beer, 18 Pouches (1 Can)",Nicotine Gums & Lozenges,4.98,$4.98,$7.91/oz
"The Original Donut Shop, Regular Medium Roast K-Cup Coffee Pods, 60 Count",Coffee Pods,34.97,$34.97,$1.49/oz
"Black Rifle Coffee Company Iced Espresso with Cream, Ready to Drink for Instant Energy 4 Pack, 11oz, Can",Bottled Coffee Drinks,10,$10.00,22.7 ¢/fl oz
"Black Rifle Coffee Company Hazelnut Keurig K-Cup Pods, Medium Roast, 12 Ct",Coffee Pods,10.67,$10.67,$2.28/oz
"Folgers Classic Roast Coffee, Medium Roast, Keurig K Cup Pods, 10 Count Box",Coffee Pods,7.14,$7.14,$2.55/oz
"McCafe, Premium Medium Roast K-Cup Coffee Pods, 60 Count",Coffee Pods,34.97,$34.97,$1.69/oz
"Great Value Caramel Macchiato One Step Latte Mix Coffee Pods, 12 Count",Coffee Pods,5.98,$5.98,84.2 ¢/oz
"Starbucks Pike Place Roast, Hot or Iced Coffee, Medium Roast K-Cup Coffee Pods, 44 Count",Coffee Pods,31.96,$31.96,$1.65/oz
Starbucks Frappuccino Coffee Drink Lite Gelato Caramel 9.5 fl oz Bottle,Bottled Coffee Drinks,2.58,$2.58,27.2 ¢/fl oz
"Starbucks House Blend, Hot or Iced Coffee, Medium Roast K-Cup Coffee Pods, 22 Count",Coffee Pods,15.24,$15.24,$1.73/oz
Starbucks Frappuccino with Oat Milk Caramel Waffle Cookie Iced Coffee Drink 13.7 fl oz Bottle,Bottled Coffee Drinks,3.28,$3.28,23.9 ¢/fl oz
"Starbucks Vanilla, Hot or Iced Coffee, Flavored K-Cup Coffee Pods, 22 Count",Coffee Pods,15.24,$15.24,$1.95/oz
Starbucks Frappuccino Coffee Drink Lite Gelato Double Chocolate 9.5 fl oz Bottle,Bottled Coffee Drinks,2.58,$2.58,27.2 ¢/fl oz
"Peet's Coffee Single Origin Sumatra Premium Dark Roast Ground Coffee, Arabica, 10.5 oz",Ground Coffee,11.56,$11.56,$1.10/oz
"Starbucks Frappuccino Mocha Iced Coffee Drink, 9.5 fl oz 12 Pack Bottles",Bottled Coffee Drinks,22.98,$22.98,20.2 ¢/fl oz
"Black Rifle Coffee Company Iced Espresso Mocha, Ready to Drink for Instant Energy 4 Pack, 11oz, Can",Bottled Coffee Drinks,10,$10.00,22.7 ¢/fl oz
"Dunkin Smores Artificially Flavored Coffee, Medium Roast, Keurig K-Cup Pods, 10 Count Box",Coffee Pods,9.67,$9.67,$2.61/oz
Starbucks Frappuccino Coffee Drink Lite Gelato Vanilla 9.5 fl oz Bottle,Bottled Coffee Drinks,2.58,$2.58,27.2 ¢/fl oz
"Cafe Bustelo Espresso Style Dark Roast Coffee, Keurig K Cup pods, 10 Count Box",Coffee Pods,7.56,$7.56,$2.04/oz
"Ready to Drink Cold Brew Bones Coffee, French Toast Flavored Latte 11 fl oz Can",Bottled Coffee Drinks,2.98,$2.98,27.1 ¢/fl oz
"Starbucks Doubleshot Energy Vanilla Coffee Energy Drink, 15 oz Can",Bottled Coffee Drinks,2.94,$2.94,19.6 ¢/fl oz
"Starbucks Iced Coffee Beverage, Dark Roast with Buttermilk, 48 fl oz",Bottled Coffee Drinks,5.98,$5.98,12.5 ¢/fl oz
"The Original Donut Shop, One Step Mocha Latte Flavored K-Cup Coffee Pods, 10 Count",Coffee Pods,7.48,$7.48,$1.03/oz
"Starbucks by Nespresso Vertuo, Iced Double Espresso Starbucks Blonde Espresso Roast, 8 Pods",Coffee Pods,12.97,$12.97,$4.60/oz
"NESCAF CLSICO Brazil, Instant Coffee, 7 oz, 1 Jar",Instant Coffee,9.68,$9.68,$1.38/oz
"Green Mountain Coffee Roasters, Breakfast Blend Light Roast K-Cup Coffee Pods, 60 Count",Coffee Pods,34.97,$34.97,$3.97/oz
"Victor Allen's Snickers Iced Coffee Latte, Ready to Drink, 13.7 oz Bottles",Bottled Coffee Drinks,3,$3.00,21.9 ¢/fl oz
"(2 pack) Nescaf Gold Espresso Blonde, Instant Coffee, 3.5 oz",Instant Coffee,19.36,$19.36,$2.77/oz
"(2 pack) NESCAF CLSICO Dark Roast Coffee, Instant Coffee, 7 oz, 1 Jar",Instant Coffee,16.74,$16.74,$1.20/oz
"Starbucks Hazelnut Cocoa Flavored Coffee, Keurig K-Cup Coffee Pods, 22 Count",Coffee Pods,15.24,$15.24,$1.88/oz
"Starbucks Holiday Blend, Medium Roast Coffee, Keurig K-Cup Coffee Pods, 22 Count",Coffee Pods,15.24,$15.24,$1.73/oz
"SToK Extra Bold Dark Roast Black Unsweetened Ready to Drink Cold Brew Coffee Bottle, 48 fl oz",Bottled Coffee Drinks,5.97,$5.97,12.4 ¢/fl oz
"Green Mountain Coffee Roasters, Dark Magic Dark Roast K-Cup Coffee Pods, 60 Count",Coffee Pods,34.97,$34.97,$1.45/oz
"Seattles Best Coffee, Breakfast Blend, Medium Roast K-Cup Coffee Pods, 24 Count",Coffee Pods,14.97,$14.97,$1.78/oz
"Hanks for Our Troops Ground Coffee Medium Roast, Supports Veterans, 12 oz Bag",Ground Coffee,10.12,$10.12,84.3 ¢/oz
"Starbucks By Nespresso Original Line, Starbucks Blonde Espresso Roast, Nespresso Pods, 10 ct",Coffee Pods,8.88,$8.88,$4.77/oz
"Starbucks by Nespresso Vertuo, Sunsera Blend Nespresso Pods, 100% Arabica Coffee, 8 Ct",Coffee Pods,12.97,$12.97,$3.69/oz
"Great Value Donut Shop Medium Roast Decaf Ground Coffee Pods, 48 Ct",Coffee Pods,16.68,$16.68,$1.11/oz
"Victor Allen's Coffee Twix Iced Coffee Latte, Ready to Drink, 13.7 oz Bottles",Bottled Coffee Drinks,3,$3.00,21.9 ¢/fl oz
"Starbucks Sumatra, Hot or Iced Coffee, Dark Roast K-Cup Coffee Pods, 22 Count",Coffee Pods,15.24,$15.24,$1.65/oz
"Peet's Coffee Big Bang Premium Medium Roast Single Serve Coffee Pods, 22 Count",Coffee Pods,16.72,$16.72,$1.80/oz
"Starbucks Doubleshot Energy Vanilla Coffee Energy Drink, 11 oz, 4 pack Cans",Bottled Coffee Drinks,7.48,$7.48,17.0 ¢/fl oz
"Starbucks By Nespresso Original Line, Espresso Roast, Dark Roast Nespresso Pods, 10 Count",Coffee Pods,8.88,$8.88,$4.42/oz
"bettergoods Specialty Blend Central American Coffee, Medium Dark Roast, Single Serve Cups, 0.42 oz, 12 Count",Coffee Pods,7.96,$7.96,$1.58/oz
"The Original Donut Shop, Iced Refreshers Strawberry Aa Flavor K-Cup Pods, 10 Count",Coffee Pods,7.48,$7.48,$1.19/oz
"Starbucks Frappuccino White Chocolate Mocha Coffee Drink, 13.7 fl oz.",Bottled Coffee Drinks,3.28,$3.28,23.9 ¢/fl oz
"Gevalia Colombia Medium Roast K-Cup Coffee Pods, 22 ct Box",Coffee Pods,15.74,$15.74,$2.07/oz
"(3 pack) Starbucks Premium Instant Coffee, Medium Roast Coffee, Arabica Beans, 3.17 oz",Instant Coffee,28.26,$28.26,$2.97/oz
"Peet's Coffee Cafe Domingo Blend Premium Medium Roast Single Serve Coffee Pods, 22 Count",Coffee Pods,16.72,$16.72,$3.98/oz
"(3 pack) NESCAF Caf de Olla, Cinnamon Flavored Instant Coffee, 6.7 oz, 1 Jar",Instant Coffee,33.24,$33.24,$1.65/oz
"Peet's Coffee Decaf House Blend Premium Dark Roast Single Serve Coffee Pods, 22 Count",Coffee Pods,16.72,$16.72,$3.98/oz
"(2 pack) Peet's Coffee Big Bang Premium Medium Roast Ground Coffee, Arabica, 18 oz",Ground Coffee,33.72,$33.72,93.7 ¢/oz
"Starbucks Peppermint Mocha Flavored Coffee, Keurig K-Cup Coffee Pods, 22 Count",Coffee Pods,15.24,$15.24,$1.87/oz
"Caf Escapes, Chai Latte K-Cup Coffee Pods, 10 Count",Tea Pods,7.84,$7.84,$6.22/oz
"Starbucks Pumpkin Spice Flavored Coffee, Keurig K-Cup Coffee Pods, 100% Arabica, 22 Count",Coffee Pods,15.24,$15.24,$1.91/oz
"Starbucks Doubleshot Energy Mocha Coffee Energy Drink, 15 oz Can",Energy Drinks,2.94,$2.94,19.6 ¢/fl oz
"Green Mountain Coffee Roasters, Iced Vanilla Caramel K-Cup Coffee Pods, 10 Count",Coffee Pods,7.48,$7.48,$1.87/oz
"(3 pack) Starbucks Premium Instant Coffee, Dark Roast Coffee, Arabica Beans, 3.17 oz",Instant Coffee,28.26,$28.26,$2.97/oz
"Black Rifle Coffee Company Atomic Llama, Cinnamon Brown Sugar, K-Cup Pods, 22ct",Coffee Pods,16.96,$16.96,$2.00/oz
"Starbucks French Roast, Hot or Iced Coffee, Medium Roast K-Cup Coffee Pods, 44 Count",Coffee Pods,31.96,$31.96,$1.72/oz
"Super Coffee Mocha Latte Iced Coffee Bottle, 12 fl oz, Cow Milk",Bottled Coffee Drinks,3.38,$3.38,2.3 ¢/fl oz
"(2 pack) NESCAF Taster's Choice House Blend, Light Medium Roast Instant Coffee, 7 oz, 1 Jar",Instant Coffee,26.36,$26.36,$1.88/oz
"Dunkin Polar Peppermint Light Roast Coffee K-Cup Pods, 10 Count",Coffee Pods,9.67,$9.67,$2.76/oz
"The Original Donut Shop, Frosted Gingerbread One Step Latte K-Cup Coffee Pods, 10 Count",Coffee Pods,7.48,$7.48,$1.10/oz
"Starbucks Holiday Blend, Medium Roast Starbucks by Nespresso Vertuo Capsules, 8 Count",Coffee Pods,12.97,$12.97,$3.76/oz
"Peet's Coffee French Roast Premium Dark Roast Single Serve Coffee Pods, 22 Count",Coffee Pods,16.72,$16.72,$1.80/oz
"Starbucks Nitro Cold Brew Black Black Unsweetened Premium Iced Coffee Drink, 9.6 fl oz Can",Bottled Coffee Drinks,3.28,$3.28,34.2 ¢/fl oz
"(2 pack) NESCAF Taster's Choice French Roast, Dark Roast Coffee, Instant Coffee, 7 oz, 1 Jar",Instant Coffee,26.36,$26.36,$1.88/oz
"Peet's Coffee Major Dickason's Blend Premium Dark Roast Single Serve Coffee Pods, 48 Count",Coffee Pods,34.97,$34.97,$1.88/oz
"Starbucks Hot Cocoa, Made with Real Cocoa, K-Cup Coffee Pods, 10 Count",Coffee Pods,10.47,$10.47,$1.43/oz
"Dunkin Cold Brew Concentrated Coffee, 31 Fl oz Bottle",Bottled Coffee Drinks,8.58,$8.58,27.7 ¢/fl oz
"Dunkin Gingerbread Artificially Flavored Coffee, K Cup Pods, 10 Ct.",Coffee Pods,9.18,$9.18,$2.48/oz
"Cafe Bustelo Dark Roast Coffee, 22 Ct. K Cup pods",Coffee Pods,18.48,$18.48,$2.51/oz
"(3 pack) Starbucks Holiday Blend, Medium Roast Coffee, Keurig K-Cup Coffee Pods, 22 Count",Coffee Pods,45.72,$45.72,$1.73/oz
"Starbucks Sunera Blend, Light Roast Coffee, Keurig K-Cup Single Serve Coffee Pods, 22 Pods",Coffee Pods,15.24,$15.24,$1.64/oz
"Peet's Coffee House Blend Premium Dark Roast Single Serve Coffee Pods, 22 Count",Coffee Pods,16.72,$16.72,$1.72/oz
"(3 pack) Nescaf Ice Roast, Instant Coffee, 6 oz",Instant Coffee,29.04,$29.04,$1.61/oz
Starbucks Frappuccino Caramel. flavored Chilled Coffee Drink 13.7 fl oz.,Bottled Coffee Drinks,3.28,$3.28,23.9 ¢/fl oz
"The Original Donut Shop, Iced Refreshers Mango Dragonfruit Lemonade Flavor K-Cup Pods, 10 Count",Coffee Pods,7.48,$7.48,$1.19/oz
"Cafe Bustelo Medium Roast Coffee, 22 Ct. K Cup pods",Coffee Pods,18.48,$18.48,$2.38/oz
"Cafe Bustelo Light Roast Coffee, 22 Ct. K Cup pods",Coffee Pods,18.48,$18.48,$2.27/oz
"(2 pack) Nescaf Ice Roast, Instant Coffee, 6 oz",Instant Coffee,19.36,$19.36,$1.61/oz
"(3 pack) Starbucks Pike Place Roast, Hot or Iced Coffee, Medium Roast K-Cup Coffee Pods, 22 Count",Coffee Pods,50.94,$50.94,$1.75/oz
"Don Francisco's Kona Blend Medium Roast K-Cup Single-Serve Coffee Pods, 24 Count - 10% Hawaiian, Compatible with Keurig Brewers, Recyclable through TerraCycle",Coffee Pods,19.12,$19.12,$2.15/oz
Nguyen Coffee Supply Vietnamese Coconut Latte - 7.5 fl oz Can,Bottled Coffee Drinks,3,$3.00,40.0 ¢/fl oz
Nguyen Coffee Supply Classic Black Vietnamese Coffee - 7.5 fl oz Can,Bottled Coffee Drinks,3,$3.00,40.0 ¢/fl oz
"(2 pack) NESCAF Taster's Choice Decaf House Blend, Medium Light Roast Instant Coffee, 7 oz, 1 Jar",Instant Coffee,26.36,$26.36,$1.88/oz
Don Francisco's Hawaiian Hazelnut Medium Roast Coffee - 24 K-Cup Compatible Single-Serve Pods - 100% Arabica with Coconut Flavor - Recyclable through Terracycle,Coffee Pods,19.12,$19.12,$2.38/oz
"(3 pack) Starbucks Breakfast Blend, Hot or Iced Coffee, Medium Roast K-Cup Coffee Pods, 22 Count",Coffee Pods,45.72,$45.72,$1.57/oz
"Don Francisco's Vanilla Nut Medium Roast Coffee Pods - 24 K Cups Compatible with Keurig Brewers - 100% Arabica Single Serve - Smooth, Rich Flavor and Nutty Notes",Coffee Pods,19.12,$19.12,$2.38/oz
"Peet's Coffee French Roast Premium Dark Roast Single Serve Coffee Pods, 48 Count",Coffee Pods,34.97,$34.97,$1.72/oz
"Don Francisco's Colombia Medium Roast Coffee: 24 K-Cup Compatible Single-Serve Pods, 100% Arabica, Recyclable through Terracycle - Floral Aroma with Winey Notes",Coffee Pods,19.12,$19.12,$2.38/oz
Starbucks Sumatra K-Cup Coffee Pods & K Cup Brewing Tips Card Bundle - Dark Roast K-Cups for Keurig Brewers - 1 box 22 count ct pods + Bonus Tips Card - 5 Tips for Making the Best Tasting K-cup...,Coffee Pods,15.24,$15.24,$1.64/oz
"(6 pack) Starbucks VIA Instant Pike Place Roast, Instant Coffee, Medium Roast Coffee, 8 Packets",Instant Coffee,53.28,$53.28,$9.87/oz
"(3 pack) Starbucks Hot Cocoa, Made with Real Cocoa, K-Cup Coffee Pods, 10 Count",Hot Cocoa Pods,31.41,$31.41,$1.43/oz
"Keurig 10ct Rinse Pods, Reduce Flavor Carry-Over, Brews in both Classic 1.0 and Plus 2.0 Series K-Cup Pod Coffee Makers",Coffee Pods,6.98,$6.98,$6.98/oz
"Mott's, Hot Apple Cider K-Cup Pods, 24 Count",Coffee Pods,14.67,$14.67,77.6 ¢/oz
"Kraft Classic Ranch Dressing, 16 fl oz Bottle",Salad Dressings,2.98,$2.98,18.6 ¢/fl oz
"The Original Louisiana Brand Hot Sauce, Original, 6 fl oz Bottle",Hot Sauces,1.74,$1.74,29.0 ¢/fl oz
"Heinz Tomato Ketchup, 32 oz Bottle",Ketchup,4.47,$4.47,14.0 ¢/oz
"Kraft Real Mayo Creamy & Smooth Mayonnaise, 12 fl oz Bottle",Mayonnaise,3.98,$3.98,33.2 ¢/fl oz
"Great Value Yellow Mustard, 20 oz Squeeze Bottle",Mustards,0.98,$0.98,4.9 ¢/oz
Sweet Baby Ray's Original Barbecue Sauce 18 oz,Barbecue Sauces,2.52,$2.52,14.0 ¢/oz
"A.1. Original Sauce, 10 oz. Bottle",Steak Sauces,5.22,$5.22,52.2 ¢/oz
"Great Value Tomato Ketchup, 38 oz",Ketchup,1.97,$1.97,5.2 ¢/oz
"Great Value Classic Ranch Salad Dressing & Dip, 16 fl oz",Salad Dressings,1.97,$1.97,12.3 ¢/fl oz
"Great Value Mayonnaise, 15 fl oz",Mayonnaise,2.12,$2.12,14.1 ¢/fl oz
Chosen Foods Steakhouse Caesar Dressing and Marinade made with 100% Pure Avocado Oil 8 fl Oz,Salad Dressings,5.48,$5.48,68.5 ¢/fl oz
"Hidden Valley Original Ranch Salad Dressing and Topping, 16 fl oz Easy Squeeze Bottle",Salad Dressings,3.97,$3.97,24.8 ¢/fl oz
Sweet Baby Ray's Honey Mustard Dipping Sauce 14 fl oz,Mustards,2.58,$2.58,18.4 ¢/fl oz
"French's No Artificial Flavors Kosher Classic Yellow Mustard, 20.0 oz Bottle",Mustards,2.54,$2.54,12.7 ¢/oz
Sweet Baby Ray's Original Barbecue Sauce 40 oz,Barbecue Sauces,4.38,$4.38,11.0 ¢/oz
"Heinz Tomato Ketchup, 20 oz Bottle",Ketchup,3.48,$3.48,17.4 ¢/oz
"Great Value Secret Sauce for Burgers & Dipping, 12 fl oz Squeeze Bottle",Cooking Sauces & Marinades,2.38,$2.38,19.8 ¢/fl oz
"Chick-fil-A Dipping Sauce, 16 fl oz Squeeze Bottle",Cooking Sauces & Marinades,4.17,$4.17,26.1 ¢/fl oz
"Kraft Balsamic Vinaigrette, 16 fl oz Bottle",Salad Dressings,2.98,$2.98,18.6 ¢/fl oz
"Frank's RedHot Kosher Original Cayenne Pepper Hot Sauce, 12.0 fl oz Bottle",Hot Sauces,3.97,$3.97,33.1 ¢/fl oz
"Great Value Squeeze Sweet Relish, 10 fl oz Bottle",Relishes,1.72,$1.72,17.2 ¢/fl oz
"Heinz Tomato Ketchup, 14 oz Bottle",Ketchup,2.98,$2.98,21.3 ¢/oz
"Great Value Classic Ranch Dressing & Dip, 36 fl oz",Salad Dressings,3.82,$3.82,10.6 ¢/fl oz
"Great Value Tomato Ketchup, 24 oz",Ketchup,1.47,$1.47,6.1 ¢/oz
"Great Value Zesty Italian Dressing & Marinade, 16 fl oz",Salad Dressings,1.97,$1.97,12.3 ¢/fl oz
"Great Value Tomato Ketchup, 32 oz",Ketchup,1.97,$1.97,6.2 ¢/oz
Flavortown Hot Honey BBQ Sauce 15.2 oz,Barbecue Sauces,4.37,$4.37,28.8 ¢/oz
"Kraft Creamy French Dressing, 16 fl oz Bottle",Salad Dressings,2.98,$2.98,18.6 ¢/fl oz
"Ortega Original Thick and Smooth Mild Taco and Enchilada Chili Sauce, Kosher, 16 oz",Cooking Sauces & Marinades,3.56,$3.56,22.3 ¢/oz
"Best Foods Real Mayonnaise, Sandwich Spread Condiments, 20 fl oz Squeeze Bottle",Mayonnaise,5.97,$5.97,29.9 ¢/fl oz
"Great Value Chicken Finger Dipping Sauce, 12 fl oz",Cooking Sauces & Marinades,2.38,$2.38,19.8 ¢/fl oz
"Taco Bell Mild Sauce, 7.5 oz Bottle",Hot Sauces,2.08,$2.08,27.7 ¢/oz
"Great Value Mayonnaise, 30 fl oz",Mayonnaise,3.14,$3.14,10.5 ¢/fl oz
"Great Value Yellow Mustard, 8 oz, 1 Count",Mustards,0.74,$0.74,9.3 ¢/oz
"Great Value Chipotle Ranch Dressing & Dip, 16 fl oz",Salad Dressings,1.97,$1.97,12.3 ¢/fl oz
"Louisiana Crystal Pure Hot Sauce, 12 fl oz",Hot Sauces,2.08,$2.08,17.3 ¢/fl oz
"Great Value Savory Steak Sauce, 10 oz",Steak Sauces,2.78,$2.78,27.8 ¢/oz
"Buffalo Wild Wings Parmesan Garlic Sauce, 12 fl oz",Cooking Sauces & Marinades,3.44,$3.44,28.7 ¢/fl oz
"Great Value Honey Mustard Dressing & Dip, 16 fl oz",Salad Dressings,1.97,$1.97,12.3 ¢/fl oz
"Kraft Chipotle Aioli, 12 fl oz Bottle",Mayonnaise,4.68,$4.68,39.0 ¢/fl oz
Olive Garden Signature Italian Dressing 16 fl. oz. Bottle,Salad Dressings,4.18,$4.18,26.1 ¢/fl oz
"Heinz Yellow Mustard, 20 oz Bottle",Mustards,2.24,$2.24,11.2 ¢/oz
"Great Value Honey Mustard, 12 oz",Mustards,1.68,$1.68,14.0 ¢/oz
"Miracle Whip Mayo-like Dressing, 15 fl oz Jar",Mayonnaise,4.82,$4.82,32.1 ¢/fl oz
"Heinz Sweet Relish, 12.7 oz Bottle",Relishes,2.97,$2.97,23.4 ¢/fl oz
"Tabasco Green Pepper Sauce, 5 oz Regular Glass Bottle, Gluten Free",Hot Sauces,3.56,$3.56,71.2 ¢/fl oz
"Best Foods Garlic Aioli Dip & Spread Condiments Dipping Sauce, 11.5 fl oz Squeeze Bottle",Vegetable Dips,3.94,$3.94,34.3 ¢/fl oz
Best Foods Real Mayonnaise 30oz,Mayonnaise,5.98,$5.98,19.9 ¢/fl oz
"Hidden Valley Original Ranch Salad Dressing and Topping, 24 fl oz Easy Squeeze Bottle",Salad Dressings,4.97,$4.97,20.7 ¢/fl oz
"Hunts Tomato Ketchup, 20 oz. Squeeze Bottle",Ketchup,1.62,$1.62,8.1 ¢/oz
"Chick-fil-A Honey Mustard Sauce,16 fl oz Squeeze Bottle",Mustards,3.97,$3.97,24.8 ¢/fl oz
"Taco Bell Hot Sauce, 7.5 oz Bottle",Hot Sauces,2.08,$2.08,27.7 ¢/oz
"Kewpie Mayonnaise, 15.72 fl oz",Mayonnaise,4,$4.00,25.4 ¢/fl oz
"Heinz Mayochup Mayonnaise & Ketchup Sauce, 19.25 oz Bottle",Mayonnaise,4.12,$4.12,21.4 ¢/oz
"Great Value Honey Barbecue Sauce, 18 fl oz",Barbecue Sauces,1.96,$1.96,10.9 ¢/oz
"Best Foods Real Mayonnaise Condiments, 15 fl oz Jar",Mayonnaise,3.98,$3.98,26.5 ¢/fl oz
"Heinz Chili Sauce, 12 oz Bottle",Hot Sauces,3.58,$3.58,29.8 ¢/oz
"Beano's Original Submarine Dressing, 8 Fluid oz. Bottle",Salad Dressings,2.48,$2.48,31.0 ¢/fl oz
"Great Value Honey Mustard Dipping Sauce, 12 fl oz",Mustards,2.38,$2.38,19.8 ¢/fl oz
"Miracle Whip Mayo-like Dressing, for a Keto and Low Carb Lifestyle, 30 fl oz Jar",Mayonnaise,5.74,$5.74,19.1 ¢/fl oz
"Great Value Tomato Ketchup, 14 oz",Ketchup,0.98,$0.98,7.0 ¢/oz
"Taco Bell Creamy Spicy Ranchero Sauce, 12 oz Bottle",Other Condiments & Sauces,2.33,$2.33,19.4 ¢/fl oz
Lee Kum Kee Sriracha Mayo Dressing Spread 15 fl oz. Bottle,Mayonnaise,7,$7.00,46.7 ¢/fl oz
"Subway Roasted Garlic Aioli Sauce, 16 fl. oz.",Cooking Sauces & Marinades,3.98,$3.98,24.9 ¢/fl oz
"El Pato Mexican Hot Style Tomato Sauce, 7.75 oz",Cooking Sauces & Marinades,0.98,$0.98,12.6 ¢/oz
"Great Value Classic Ranch Dressing & Dip, 8 oz",Salad Dressings,1.43,$1.43,17.9 ¢/fl oz
"Best Foods Real Mayonnaise Condiments, 5.5 fl oz Squeeze Bottle",Mayonnaise,2.96,$2.96,53.8 ¢/oz
"Best Foods Real Mayonnaise, 11.5 Fl Oz",Mayonnaise,3.94,$3.94,34.3 ¢/fl oz
"Tapatio Salsa Picante Hot Sauce, 10 Oz",Hot Sauces,3.14,$3.14,31.4 ¢/fl oz
"Great Value Creamy Caesar Salad Dressing & Dip, 16 fl oz",Salad Dressings,1.97,$1.97,12.3 ¢/fl oz
"Great Value Classic Ranch Salad Dressing & Recipe Mix, 8 oz Canister",Salad Dressings,4.38,$4.38,54.8 ¢/oz
Flavortown Top Secret Sauce 12 oz,Cooking Sauces & Marinades,3.97,$3.97,33.1 ¢/oz
"Bertolli Garlic Alfredo Pasta Sauce with Fresh Cream, 15 oz",Pasta Sauces,2.98,$2.98,19.9 ¢/oz
"Miracle Whip Mayo-like Dressing, 12 fl oz Bottle",Mayonnaise,4.82,$4.82,40.2 ¢/fl oz
"Kraft Garlic Aioli, 12 fl oz Bottle",Mayonnaise,4.68,$4.68,39.0 ¢/fl oz
"Great Value Thousand Island Dressing, 16 fl oz",Salad Dressings,1.97,$1.97,12.3 ¢/fl oz
"Smash Kitchen Organic Yellow Mustard, 8 oz Bottle",Mustards,2.18,$2.18,27.3 ¢/oz
"Great Value Sweet & Tangy French Style Salad Dressing, 16 fl oz",Salad Dressings,1.97,$1.97,12.3 ¢/fl oz
"Ortega Original Thick and Smooth Mild Taco and Enchilada Chili Sauce, Kosher, 8 oz",Cooking Sauces & Marinades,1.98,$1.98,24.8 ¢/oz
"Heinz Tomato Ketchup, 2 ct Pack, 50.5 oz Bottles",Ketchup,11.52,$11.52,11.4 ¢/oz
"Great Value Dijon Mustard, 12 oz",Mustards,1.78,$1.78,14.8 ¢/oz
Flavortown Famous Donkey Sauce 12 oz,Cooking Sauces & Marinades,3.97,$3.97,33.1 ¢/oz
"Chick-Fil-A Garden Herb Ranch Refrigerated Salad Dressing, 12 Fluid oz Bottle, Fresh",Salad Dressings,4.58,$4.58,38.2 ¢/fl oz
Sweet Baby Ray's Buffalo Wing Sauce 16 fl oz,Cooking Sauces & Marinades,3.38,$3.38,21.1 ¢/fl oz
"bettergoods Expertly Blended Sriracha Aioli, 12 fl oz Bottle",Mayonnaise,2.97,$2.97,24.8 ¢/fl oz
"Grey Poupon Country Dijon Coarse Ground Mustard, 8 oz. Jar",Mustards,4.12,$4.12,51.5 ¢/oz
"bettergoods Expertly Blended Garlic Parm Aioli, 12 fl oz Bottle",Mayonnaise,2.97,$2.97,24.8 ¢/fl oz
"Lawry's Herb & Garlic With Lemon Marinade, 12.0 fl oz Bottle",Cooking Sauces & Marinades,3.16,$3.16,26.3 ¢/fl oz
"Lawry's Teriyaki With Pineapple Juice Marinade, 12.0 fl oz Bottle",Cooking Sauces & Marinades,3.16,$3.16,26.3 ¢/fl oz
"Heinz Sweet Relish, 26 oz Bottle",Relishes,4.64,$4.64,17.8 ¢/fl oz
"Hidden Valley Blue Cheese Ranch Condiment and Dressing, 20 fl oz Easy Squeeze Bottle",Salad Dressings,5.22,$5.22,26.1 ¢/fl oz
"Great Value Green Chile Enchilada Sauce, Mild, 10 oz Can",Cooking Sauces & Marinades,1,$1.00,10.0 ¢/oz
"Hidden Valley Gluten Free Keto-Friendly Original Ranch Salad Dressing and Topping, 36 fl oz Bottle",Salad Dressings,6.27,$6.27,17.4 ¢/fl oz
"HERDEZ TAQUERIA STREET SAUCE Original Verde Mild Taco Sauce, Shelf Stable, 9 oz (Pack of 8)",Cooking Sauces & Marinades,3.84,$3.84,42.7 ¢/oz
"Great Value Tomato Ketchup, 64 oz",Ketchup,3.13,$3.13,4.9 ¢/oz
"Kinder's Garlic Butter Dipping Sauce, 13.2 oz Squeeze Bottle",Cooking Sauces & Marinades,4.98,$4.98,37.7 ¢/oz
"Heinz Tomato Ketchup Blended With Chipotle, 14 oz Squeeze Bottle",Ketchup,3.48,$3.48,24.9 ¢/oz
"Best Foods Real Mayonnaise, Sandwich Spread Condiments, 48 fl oz Jar",Mayonnaise,8.24,$8.24,17.2 ¢/fl oz
"Kraft Classic Catalina Dressing, 16 fl oz Bottle",Salad Dressings,2.98,$2.98,18.6 ¢/fl oz
"Hidden Valley Garlic Ranch Condiment and Dressing, 20 fl oz Easy Squeeze Bottle",Salad Dressings,5.22,$5.22,26.1 ¢/fl oz
"Kinder's Hickory Brown Sugar Barbecue Sauce, 15.8 oz",Barbecue Sauces,4.18,$4.18,26.5 ¢/oz
"Kitchen Bouquet Browning and Seasoning Sauce, 4 fl oz",Cooking Sauces & Marinades,3.47,$3.47,86.8 ¢/fl oz
"Hidden Valley Gluten Free Original Ranch Salad Dressing and Topping, 8 fl oz Bottle",Salad Dressings,2.58,$2.58,32.3 ¢/fl oz
"Olive Garden Signature Italian Dressing, 24 fl. oz.",Salad Dressings,5.68,$5.68,23.7 ¢/fl oz
"Laoganma Spicy Chili Crisp Sauce, 7.41 Fl Oz",Hot Sauces,4.97,$4.97,67.1 ¢/oz
"Frank's RedHot Kosher Original Cayenne Pepper Hot Sauce, 23.0 fl oz Bottle",Hot Sauces,6.28,$6.28,27.3 ¢/fl oz
"French's No Artificial Flavors Gluten Free Classic Yellow Mustard, 8.0 oz Bottle",Mustards,1.68,$1.68,21.0 ¢/oz
"Great Value Honey Dijon Mustard, 12 oz",Mustards,1.78,$1.78,14.8 ¢/oz
"Hidden Valley Sweet BBQ Ranch Condiment and Dressing, 20 fl oz Easy Squeeze Bottle",Salad Dressings,5.22,$5.22,26.1 ¢/fl oz
"Patak's Butter Chicken Simmer Sauce, 15 oz",Cooking Sauces & Marinades,4.88,$4.88,32.5 ¢/oz
"French's No Artificial Flavors Spicy Brown Mustard, 12.0 oz Bottle",Mustards,1.93,$1.93,16.1 ¢/oz
"Great Value Original Horseradish Sauce, 12 oz (Regular)",Horseradish,1.87,$1.87,15.6 ¢/fl oz
"Colgin Natural Hickory Liquid Smoke Flavor, 4 fl oz",Cooking Sauces & Marinades,2.33,$2.33,58.3 ¢/fl oz
"(3 pack) Miracle Whip Mayo-like Dressing, for a Keto and Low Carb Lifestyle, 30 fl oz Jar",Mayonnaise,17.22,$17.22,19.1 ¢/fl oz
"French's No Artificial Flavors Kosher Classic Yellow Mustard, 14.0 oz Bottle",Mustards,2.18,$2.18,15.6 ¢/oz
"Great Value Spicy Brown Mustard, 12 oz",Mustards,1.78,$1.78,14.8 ¢/oz
"Great Value Southwest Hot Mustard, 12 oz",Mustards,1.62,$1.62,13.5 ¢/oz
"Great Value Medium Picante Sauce, 70 oz",Hot Sauces,5.98,$5.98,8.5 ¢/oz
"Great Value Mayo, 18 fl oz",Mayonnaise,3.38,$3.38,18.8 ¢/fl oz
"Kraft Real Mayo Creamy & Smooth Mayonnaise, 15 fl oz Jar",Mayonnaise,3.98,$3.98,26.5 ¢/fl oz
"Great Value Buttermilk Ranch Dressing & Dip, 16 oz",Salad Dressings,1.97,$1.97,12.3 ¢/fl oz
"Heinz Tomato Ketchup Value Size, 64 oz Bottle",Ketchup,7.73,$7.73,12.1 ¢/oz
"Heinz 57 Sauce, 10 oz Bottle",Cooking Sauces & Marinades,6.16,$6.16,61.6 ¢/oz
"Chick-fil-A Zesty Buffalo Sauce, 16 fl oz Squeeze Bottle",Hot Sauces,3.97,$3.97,24.8 ¢/fl oz
Melinda's Ghost Ketchup (Squeeze),Ketchup,4.36,$4.36,31.1 ¢/oz
Great Value Seafood Sauce Zesty 12oz,Cooking Sauces & Marinades,2.12,$2.12,17.7 ¢/oz
"Old El Paso Mild Red Enchilada Sauce, Meal Prep, 10 oz",Cooking Sauces & Marinades,2.12,$2.12,21.2 ¢/oz
"Frontera Medium Classic Fajita Skillet Sauce with Chipotle and Lime, 8 oz",Cooking Sauces & Marinades,1.62,$1.62,20.3 ¢/oz
"Ken's Steak House Honey Mustard Dressing, Topping & Spread 24 fl oz",Mustards,4.92,$4.92,20.5 ¢/fl oz
"Kraft Original Slow-Simmered Barbecue BBQ Sauce, 18 oz Bottle",Barbecue Sauces,2.18,$2.18,12.1 ¢/fl oz
"El Yucateco Green Habanero Hot Sauce, 4 fl oz",Hot Sauces,2.44,$2.44,61.0 ¢/fl oz
"Kinder's Honey Mustard Dipping Sauce, 15.4 oz Squeeze Bottle",Mustards,4.98,$4.98,32.3 ¢/oz
"Smash Kitchen Organic Tomato Ketchup, 15 oz Bottle",Ketchup,3.28,$3.28,21.9 ¢/oz
"Kraft Real Mayo Creamy & Smooth Mayonnaise, 22 fl oz Bottle",Mayonnaise,4.98,$4.98,22.6 ¢/fl oz
"Kraft Hint of Honey Slow-Simmered Barbecue BBQ Sauce, 18 oz Bottle",Barbecue Sauces,2.18,$2.18,12.1 ¢/fl oz
"Best Foods Medium Spicy Mayonnaise Dressing Condiments Made with Real Chili Peppers, 11.5 fl oz Squeeze Bottle",Mayonnaise,3.94,$3.94,34.3 ¢/fl oz
"(2 pack) Hidden Valley Sweet BBQ Ranch Condiment and Dressing, 20 fl oz Easy Squeeze Bottle",Salad Dressings,10.44,$10.44,26.1 ¢/fl oz
"Grey Poupon Dijon Mustard, 10 oz Bottle",Mustards,4.12,$4.12,41.2 ¢/oz
"G Hughes Sugar Free Ranch Dressing, 12 oz.",Salad Dressings,3.94,$3.94,32.8 ¢/fl oz
"Smash Kitchen Organic Tomato Ketchup, 20 oz Bottle",Ketchup,4.38,$4.38,21.9 ¢/oz
"Marketside Sweet and Sour Dipping Sauce, 1.5 oz",Barbecue Sauces,0.42,$0.42,
"G Hughes Sugar Free Original BBQ Sauce, 18 oz",Barbecue Sauces,4.45,$4.45,24.7 ¢/oz
"(3 pack) Great Value Mayonnaise, 30 fl oz",Mayonnaise,9.42,$9.42,10.5 ¢/fl oz
"Marketside Ranch Dipping Sauce, 1.5 oz",Barbecue Sauces,0.42,$0.42,21.0 ¢/oz
"Heinz Tomato Ketchup, 38 oz Bottle",Ketchup,4.48,$4.48,11.8 ¢/oz
"Great Value 50/50 Tomato Ketchup, 19.5 oz",Ketchup,2.18,$2.18,11.2 ¢/oz
"SNOW'S by BUMBLE BEE Italian Style White Clam Sauce, Made with Fresh Clams, 6g Protein Per Serving, Shelf Stable Can, 15 oz",Pasta Sauces,2.48,$2.48,16.5 ¢/oz
"Smash Kitchen Organic Real Mayonnaise, 11.25 fl oz Bottle",Mayonnaise,4.18,$4.18,37.2 ¢/fl oz
"Arby's Original Sauce, 12 fl oz.",Cooking Sauces & Marinades,2.98,$2.98,24.8 ¢/fl oz
"Hidden Valley Gluten Free Original Ranch Dipping Sauce Salad Dressing and Topping, 20 fl oz Bottle",Salad Dressings,5.22,$5.22,26.1 ¢/fl oz
"Great Value Fat Free House Italian Salad Dressing & Marinade, 16 fl oz",Salad Dressings,1.97,$1.97,12.3 ¢/fl oz
"Litehouse Homestyle Ranch Dressing & Dip, 20 fl oz",Salad Dressings,6.12,$6.12,30.6 ¢/fl oz
"Best Foods Avocado Oil Mayonnaise Dressing Condiments, 11.5 fl oz Squeeze Bottle",Mayonnaise,3.94,$3.94,34.3 ¢/oz
"Beaver Brand Sweet Hot Mustard, 13 oz Bottle",Mustards,3.38,$3.38,26.0 ¢/oz
"Great Value Light Balsamic Vinaigrette Salad Dressing & Marinade, 16 fl oz",Salad Dressings,1.97,$1.97,12.3 ¢/fl oz
"Best Foods Buttermilk Ranch Chicken Tender Mayonnaise Style Dipping Sauce, 11.5 fl oz Squeeze Bottle",Mayonnaise,4.58,$4.58,39.8 ¢/fl oz
"Great Value Whipped Mayo Dressing, 30 fl oz",Mayonnaise,3.38,$3.38,11.3 ¢/fl oz
"Best Foods Made with Cage Free Eggs Light Mayonnaise, 15 fl oz Jar",Mayonnaise,3.98,$3.98,26.5 ¢/fl oz
"Taco Bell Fire Sauce, 7.5 oz Bottle",Hot Sauces,2.08,$2.08,27.7 ¢/oz
Kinder's Fajita Cooking Sauce,Cooking Sauces & Marinades,5.48,$5.48,43.5 ¢/oz
"Wish-Bone Avocado Ranch Salad Dressing, 15 fl oz",Salad Dressings,2.74,$2.74,18.3 ¢/fl oz
"Pace Medium Picante Sauce, 16 oz Jar",Hot Sauces,2.97,$2.97,18.6 ¢/oz
"Smash Kitchen Organic Yellow Mustard, 20 oz Bottle",Mustards,3.48,$3.48,17.4 ¢/oz
Flavortown Money Honey BBQ Sauce 14.5 oz,Barbecue Sauces,4.37,$4.37,30.1 ¢/oz
"Kikkoman Stir Fry Sauce, 11.4Fl Oz",Cooking Sauces & Marinades,4.12,$4.12,36.1 ¢/oz
"Smash Kitchen Organic American Style BBQ Sauce, 15 oz Bottle",Barbecue Sauces,4.38,$4.38,29.2 ¢/oz
"Heinz Tomato Ketchup with No Salt Added, 14 oz Bottle",Ketchup,3.62,$3.62,25.9 ¢/oz
"Great Value Ground Mustard, 1.5 oz",Mustards,2.37,$2.37,$1.58/oz
"Old El Paso Mild Green Chile Enchilada Sauce, Value Size, 28 oz.",Cooking Sauces & Marinades,3.97,$3.97,14.2 ¢/oz
"Stubb's Gluten Free Original Barbecue Sauce, 18.0 oz Bottle",Barbecue Sauces,4,$4.00,22.2 ¢/oz
"(3 pack) Great Value Chicken Finger Dipping Sauce, 12 fl oz",Cooking Sauces & Marinades,7.14,$7.14,19.8 ¢/fl oz
"Great Value Stone Ground Mustard, 12 oz Squeeze Bottle",Mustards,1.62,$1.62,13.5 ¢/oz
"Hidden Valley Parmesan Ranch Topping and Dressing, 16 fl oz Easy Squeeze Bottle",Salad Dressings,3.97,$3.97,24.8 ¢/fl oz
"Prego Chunky Garden Combo Spaghetti Sauce, 23.75 oz Jar",Pasta Sauces,2.48,$2.48,10.4 ¢/oz
"Hidden Valley Gluten Free, Keto-Friendly Original Ranch Salad Dressing & Seasoning Mix, 4 Packets",Salad Dressings,7.02,$7.02,$1.76/oz
"HERDEZ TAQUERIA STREET LIQUID SAUCE Roja Taco Sauce, 9 oz Bottle",Cooking Sauces & Marinades,3.84,$3.84,42.7 ¢/oz
"Gulden's Spicy Brown Mustard, 12 oz.",Mustards,1.76,$1.76,14.7 ¢/oz
"The Original Louisiana Brand Hot Sauce, Original Flavor, Shelf-Stable, 32 fl oz Bottle",Hot Sauces,5,$5.00,15.6 ¢/fl oz
"LA VICTORIA Red Taco Sauce, Medium, Shelf-Stable, 15 oz Plastic Bottle",Cooking Sauces & Marinades,4,$4.00,26.7 ¢/oz
"Hidden Valley Gluten Free, Keto-Friendly Original Ranch Salad Dressing & Seasoning Mix, 8 oz",Salad Dressings,9.76,$9.76,$1.22/oz
"DONA MARIA Verde Mole Cooking Sauces and Marinades, 8.25 oz Glass Jar",Cooking Sauces & Marinades,2.68,$2.68,32.5 ¢/oz
"Hidden Valley Spicy Ranch Topping and Dressing, 16 fl oz Bottle",Salad Dressings,3.97,$3.97,24.8 ¢/fl oz
"Heinz Organic Tomato Ketchup, 14 oz Bottle",Ketchup,4.66,$4.66,33.3 ¢/oz
"Bull's-Eye Original Barbecue BBQ Sauce, 18 oz Bottle",Barbecue Sauces,2.52,$2.52,14.0 ¢/oz
"Pace Hot Picante Sauce, 16 oz Jar",Hot Sauces,2.97,$2.97,18.6 ¢/oz
"Smash Kitchen Organic Real Mayonnaise, 16 fl oz Jar",Mayonnaise,5.23,$5.23,32.7 ¢/fl oz
"Texas Pete Honey Mustard Sauce, 12 fl oz",Mustards,2.96,$2.96,24.7 ¢/fl oz
"Old El Paso Mild Green Chile Enchilada Sauce, Meal Prep, 10 oz",Cooking Sauces & Marinades,2.12,$2.12,21.2 ¢/oz
"Blues Hog Original Barbecue Sauce Squeeze Bottle, Gluten-Free, 25 oz",Barbecue Sauces,8.38,$8.38,33.5 ¢/oz
"McCormick Kosher Ground Mustard, 1.75 oz Bottle",Mustards,4.98,$4.98,$2.85/oz
"Hidden Valley Southwest Chipotle Ranch Topping and Dressing, 16 fl oz Easy Squeeze Bottle",Salad Dressings,3.97,$3.97,24.8 ¢/fl oz
"Tapatio Hot Sauce, 32 oz",Hot Sauces,5.96,$5.96,18.6 ¢/fl oz
"Kraft Buttermilk Ranch Dressing, 16 fl oz Bottle",Salad Dressings,2.98,$2.98,18.6 ¢/fl oz
"Hidden Valley Original Ranch Dips Mix, Gluten Free - 1 Packet",Salad Dressings,2.08,$2.08,$2.08/oz
"Best Foods Garlic Parmesan Chicken Tender Mayonnaise Style Dipping Sauce, 11.5 fl oz Squeeze Bottle",Mayonnaise,4.58,$4.58,39.8 ¢/fl oz
"G Hughes Sugar Free Honey Mustard Dipping Sauce, 18 oz",Mustards,3.82,$3.82,21.2 ¢/oz
"Kinder's Golden BBQ Dipping Sauce, 15.5 oz Squeeze Bottle",Barbecue Sauces,4.98,$4.98,32.1 ¢/oz
"Great Value Light Mayonnaise, 30 fl oz",Mayonnaise,3.14,$3.14,10.5 ¢/fl oz
"G Hughes Sugar Free Chili Lime Dipping Sauce, 17 oz",Cooking Sauces & Marinades,4.18,$4.18,24.6 ¢/oz
"Great Value Original Barbecue Sauce, 18 fl oz",Barbecue Sauces,1.96,$1.96,10.9 ¢/oz
"Heinz Tomato Ketchup Blended With Jalapeno, 14 oz Squeeze Bottle",Ketchup,3.48,$3.48,24.9 ¢/oz
"Kraft Real Mayo Creamy & Smooth Mayonnaise, for a Keto and Low Carb Lifestyle, 30 fl oz Jar",Mayonnaise,4.98,$4.98,16.6 ¢/fl oz
"Old El Paso Medium Red Enchilada Sauce, Meal Prep, 10 oz",Cooking Sauces & Marinades,2.12,$2.12,21.2 ¢/oz
"Heinz Organic Tomato Ketchup, 32 oz Bottle",Ketchup,6.98,$6.98,21.8 ¢/oz
"Hidden Valley Gluten Free Original Ranch Salad Dressing and Seasoning Mix, 1 oz",Salad Dressings,2.28,$2.28,$2.28/oz
"Heinz Tomato Ketchup with No Sugar Added, 13 oz Bottle",Ketchup,3.62,$3.62,27.8 ¢/oz
"Great Value Mustard Seeds, 3.5 oz",Single Herbs & Spices,2.42,$2.42,69.1 ¢/oz
(2 pack) Lee Kum Kee Panda Brand Sauce Oyster 9oz (255g),Cooking Sauces & Marinades,6.56,$6.56,36.4 ¢/oz
Sweet Baby Ray's Original Barbecue Sauce 28 oz,Barbecue Sauces,3.56,$3.56,12.7 ¢/oz
"LA VICTORIA Mild Red Taco Sauce Liquid, Shelf-Stable, 15 oz Plastic Bottle",Cooking Sauces & Marinades,4,$4.00,26.7 ¢/oz
"Tabasco Chipotle Pepper Sauce, 5 oz Regular Glass Bottle Containing Liquid Hot Sauce, Gluten Free",Hot Sauces,3.56,$3.56,71.2 ¢/fl oz
"(2 pack) Heinz Tomato Ketchup, 32 oz Bottle",Ketchup,8.94,$8.94,14.0 ¢/oz
"Beaver Brand Honey Mustard Sauce, 13 oz Bottle",Mustards,3.38,$3.38,26.0 ¢/oz
"Blues Hog Smokey Mountain BBQ Sauce, Gluten-Free, 24 oz",Barbecue Sauces,8.38,$8.38,34.9 ¢/oz
"Great Value Organic Dijon Mustard, 12 oz",Mustards,2.46,$2.46,20.5 ¢/oz
"Smash Kitchen Organic Hot Honey Ketchup, 15 oz Bottle",Ketchup,3.97,$3.97,26.5 ¢/oz
"Olive Garden Parmesan Ranch Dressing & Dip, 16 fl. oz.",Salad Dressings,4.18,$4.18,26.1 ¢/fl oz
(3 pack) Flavortown Smokin' Hickory BBQ Sauce 15.5 oz,Barbecue Sauces,13.11,$13.11,28.2 ¢/oz
"Heinz Simply Tomato Ketchup with No Artificial Sweeteners, 31 oz Bottle",Ketchup,6.24,$6.24,20.1 ¢/oz
MELINDA'S SPICY POLYNESIAN,Barbecue Sauces,5.74,$5.74,47.8 ¢/fl oz
"Stubb's Gluten Free Spicy Barbecue Sauce, 18.0 oz Bottle",Barbecue Sauces,4,$4.00,22.2 ¢/oz
"Taco Bell Diablo Sauce, 7.5 oz Bottle",Hot Sauces,2.08,$2.08,27.7 ¢/oz
"Bachan's Sweet Honey Japanese BBQ Sauce, 17oz Bottle - Bold, Fresh, Umami Flavor",Barbecue Sauces,8.78,$8.78,51.6 ¢/oz
"Kraft Sweet & Spicy Slow-Simmered Barbecue Sauce, 18 oz Bottle",Barbecue Sauces,2.18,$2.18,12.1 ¢/oz
"Hidden Valley Original Ranch Light Salad Dressing and Topping, 16 Fl Oz Easy Squeeze Bottle",Salad Dressings,3.97,$3.97,24.8 ¢/fl oz
"Ortega Original Thick and Smooth Medium Taco and Enchilada Chili Sauce, Kosher, 16 oz Jar",Cooking Sauces & Marinades,3.56,$3.56,22.3 ¢/oz
"Great Value Horseradish Mustard, 12 oz, 1 Count",Mustards,1.62,$1.62,13.5 ¢/oz
"A.1. Original Sauce, 15 oz. Bottle",Steak Sauces,6.82,$6.82,45.5 ¢/oz
Chosen Foods 100% Pure Avocado Oil Classic Mayo 12 oz Jar,Mayonnaise,7.22,$7.22,60.2 ¢/fl oz
"Great Value Light Ranch Dressing & Dip, 16 fl oz",Salad Dressings,1.97,$1.97,12.3 ¢/fl oz
Chosen Foods Classic Ranch Dressing and Dip made with 100% Pure Avocado Oil 8 fl oz,Salad Dressings,5.48,$5.48,68.5 ¢/fl oz
"La Botanera Clasica Hot Sauce, 11.9 oz",Hot Sauces,1.18,$1.18,9.4 ¢/fl oz
"El Pato Green Jalapeno Sauce, 7.75 oz",Hot Sauces,0.98,$0.98,12.6 ¢/oz
"(2 pack) Hidden Valley Gluten Free Keto-Friendly Original Ranch Salad Dressing and Topping, 36 fl oz Bottle",Salad Dressings,12.54,$12.54,17.4 ¢/fl oz
Ken's Steak House Buttermilk Ranch Salad Dressing 16 fl oz,Salad Dressings,3.52,$3.52,22.0 ¢/fl oz
"Buffalo Wild Wings Teriyaki Sauce, 12 fl. oz.",Cooking Sauces & Marinades,3.44,$3.44,28.7 ¢/fl oz
"(12 pack) Great Value Yellow Mustard, 20 oz Squeeze Bottle",Mustards,11.76,$11.76,4.9 ¢/oz
Ken's Steak House Lite Honey Mustard Salad Dressing 24 fl oz,Salad Dressings,4.92,$4.92,20.5 ¢/fl oz
"Great Value No Salt Added Tomato Sauce, 8 oz",Ketchup,0.48,$0.48,6.0 ¢/oz
"Great Value Mild Picante Sauce, 70 oz",Cooking Sauces & Marinades,5.98,$5.98,8.5 ¢/oz
Litehouse Jalapeno Ranch Dressing & Dip Family Size 20 fl oz,Salad Dressings,6.12,$6.12,30.6 ¢/fl oz
"Great Value Buttermilk Ranch Dressing, 36 fl oz",Salad Dressings,3.82,$3.82,10.6 ¢/fl oz
"(2 pack) Texas Pete Honey Mustard Sauce, 12 fl oz",Mustards,5.92,$5.92,24.7 ¢/fl oz
Ken's Steak House Creamy Caesar Salad Dressing 16 fl oz,Salad Dressings,3.52,$3.52,22.0 ¢/fl oz
"G Hughes Sugar Free Ketchup, 13 oz",Ketchup,4.12,$4.12,31.7 ¢/oz
"Ken's Steak House Ranch Salad Dressing, Topping & Spread 24 fl oz",Salad Dressings,4.92,$4.92,20.5 ¢/fl oz
Primal Kitchen Organic and Unsweetened Ketchup 11.3 oz,Ketchup,6,$6.00,53.1 ¢/oz
"(3 pack) Great Value Tomato Ketchup, 64 oz",Ketchup,9.39,$9.39,4.9 ¢/oz
"Buffalo Wild Wings Medium Buffalo Sauce, 12 fl. oz.",Hot Sauces,3.44,$3.44,28.7 ¢/fl oz
"(3 pack) Hidden Valley Original Ranch Salad Dressing and Topping, 24 fl oz Easy Squeeze Bottle",Salad Dressings,14.91,$14.91,20.7 ¢/fl oz
"Wish-Bone Ranch Salad Dressing, 15 fl oz",Salad Dressings,2.74,$2.74,18.3 ¢/fl oz
"Smash Kitchen Organic Spicy Mayonnaise, 11.25 fl oz Bottle",Mayonnaise,5.23,$5.23,46.5 ¢/fl oz
"(2 pack) Subway Sweet Onion Teriyaki Sauce, 16 fl. oz.",Cooking Sauces & Marinades,7.96,$7.96,24.9 ¢/fl oz
"French's No Artificial Flavors Honey Mustard, 12.0 oz Bottle",Mustards,3.42,$3.42,28.5 ¢/oz
"Hidden Valley Original Ranch Light Salad Dressing and Topping, 24 Fl Oz Easy Squeeze Bottle",Salad Dressings,4.97,$4.97,20.7 ¢/fl oz
"Great Value Organic Tomato Ketchup, 20 oz",Ketchup,2.38,$2.38,11.9 ¢/oz
"(2 pack) Chick-fil-A Honey Mustard Sauce,16 fl oz Squeeze Bottle",Mustards,7.94,$7.94,24.8 ¢/fl oz
"DONA MARIA Traditional Mole, Shelf Stable, 8.25 oz Regular Glass Jar",Hot Sauces,2.68,$2.68,32.5 ¢/oz
"Best Foods Rich in Omega 3 ALA Olive Oil Mayonnaise, 20 fl oz Bottle",Mayonnaise,5.97,$5.97,29.9 ¢/fl oz
Primal Kitchen Avocado Oil Mayo 12 oz,Mayonnaise,8.38,$8.38,69.8 ¢/fl oz
"Bachan's Sweet Pineapple Japanese BBQ Sauce, 16.5oz Bottle - Bold, Fresh, Umami Flavor",Barbecue Sauces,8.78,$8.78,51.6 ¢/oz
"Smash Kitchen Organic Dijon Mustard, 12 oz Bottle",Mustards,3.83,$3.83,31.9 ¢/oz
"Kona Coast Island Teriyaki Marinade & Grilling Sauce, 15 oz Jar",Cooking Sauces & Marinades,3.12,$3.12,20.8 ¢/oz
"Bertolli Organic Olive Oil, Basil, and Garlic Pasta Sauce, 24 oz",Pasta Sauces,3.74,$3.74,15.6 ¢/oz
"Best Foods High in Omega-3 ALA and Vitamin E Olive Oil Mayonnaise, 30 fl oz Jar",Mayonnaise,5.98,$5.98,19.9 ¢/fl oz
"(2 pack) Heinz Tomato Ketchup, 2 ct Pack, 50.5 oz Bottles",Ketchup,23.04,$23.04,11.4 ¢/oz
Ken's Steak House Ranch Salad Dressing 16 fl oz,Salad Dressings,3.52,$3.52,22.0 ¢/fl oz
"Great Value Spicy Tomato Ketchup, 20 oz",Ketchup,1.98,$1.98,9.9 ¢/oz
"Heinz Tomato Ketchup with No Sugar Added, 29.5 oz Bottle",Ketchup,5.87,$5.87,19.9 ¢/oz
"Las Palmas Medium Green Chile Enchilada Sauce, Kosher, 28 oz Can",Cooking Sauces & Marinades,3.02,$3.02,10.8 ¢/oz
"Great Value Organic Mustard Ground, 1.6 oz",Single Herbs & Spices,4.36,$4.36,$2.73/oz
Great Value Real Sugar Tomato Ketchup 32 oz,Ketchup,2.62,$2.62,8.2 ¢/oz
"Maya Kaimal Madras Curry Simmer Sauce, 12.5 oz",Cooking Sauces & Marinades,5.58,$5.58,44.6 ¢/oz
"Miracle Whip Mayo-like Dressing Value Size, 48 fl oz Jar",Mayonnaise,8.97,$8.97,18.7 ¢/fl oz
Sweet Baby Ray's Mild Buffalo Wing Sauce 16 fl oz,Cooking Sauces & Marinades,3.38,$3.38,21.1 ¢/fl oz
"Best Foods Made with Cage Free Eggs Light Mayonnaise, 30 fl oz Jar",Mayonnaise,5.98,$5.98,19.9 ¢/fl oz
"Great Value Light Buttermilk Ranch Dressing & Dip, 16 fl oz",Salad Dressings,1.97,$1.97,12.3 ¢/fl oz
"Las Palmas Medium Red Chile Sauce, 28 oz Can",Hot Sauces,3.02,$3.02,10.8 ¢/oz
"(2 pack) Hidden Valley Original Ranch Salad Dressing and Topping, 24 fl oz Easy Squeeze Bottle",Salad Dressings,9.94,$9.94,20.7 ¢/fl oz
"McCormick Mayonesa (Mayonnaise) With Lime Juice, 28.0 fl oz Jar",Mayonnaise,7.33,$7.33,26.2 ¢/fl oz
"(4 pack) Heinz Tomato Ketchup, 38 oz Bottle",Ketchup,17.92,$17.92,11.8 ¢/oz
"(3 pack) Hidden Valley Bacon Ranch Topping and Dressing, 16 fl oz Easy Squeeze Bottle",Salad Dressings,11.91,$11.91,24.8 ¢/fl oz
"Hidden Valley Gluten Free Keto-Friendly Buttermilk Ranch Salad Dressing and Topping, 36 fl oz Bottle",Salad Dressings,6.27,$6.27,17.4 ¢/fl oz
"Miracle Whip Mayo-like Dressing, 19 fl oz Bottle",Mayonnaise,5.74,$5.74,30.2 ¢/fl oz
Sweet Baby Ray's Sweet 'n Spicy Barbecue Sauce 40 oz,Barbecue Sauces,4.38,$4.38,11.0 ¢/oz
"(2 pack) Las Palmas Medium Red Chile Sauce, 28 oz Can",Hot Sauces,6.04,$6.04,10.8 ¢/oz
"Best Foods Made with Cage Free Eggs Light Mayonnaise, 20 fl oz Bottle",Mayonnaise,5.97,$5.97,29.9 ¢/fl oz
"Hidden Valley Gluten Free Keto-Friendly Original Ranch Light Salad Dressing and Topping, 36 Fl Oz Bottle",Salad Dressings,6.27,$6.27,17.4 ¢/fl oz
"Kraft Original Slow-Simmered Barbecue Sauce, 40 oz Bottle",Barbecue Sauces,3.88,$3.88,9.7 ¢/fl oz
"(3 pack) Kraft Real Mayo Creamy & Smooth Mayonnaise, for a Keto and Low Carb Lifestyle, 30 fl oz Jar",Mayonnaise,14.94,$14.94,16.6 ¢/fl oz
"Kraft Real Mayo Creamy & Smooth Mayonnaise, 48 fl oz Jar",Mayonnaise,6.58,$6.58,13.7 ¢/fl oz
"(2 pack) Kinder's Original Mild BBQ Sauce, 15.5 oz Squeeze Bottle",Barbecue Sauces,8.36,$8.36,27.0 ¢/oz
"Hidden Valley Bacon Ranch Topping and Dressing, 16 fl oz Easy Squeeze Bottle",Salad Dressings,3.97,$3.97,24.8 ¢/fl oz
"(2 pack) Chick-fil-A Dipping Sauce, 16 fl oz Squeeze Bottle",Cooking Sauces & Marinades,8.34,$8.34,26.1 ¢/fl oz
"Hidden Valley Buttermilk Ranch Topping and Dressing, 24 fl oz Easy Squeeze Bottle",Salad Dressings,4.97,$4.97,20.7 ¢/fl oz
"(4 pack) Heinz Tomato Ketchup, 32 oz Bottle",Ketchup,17.88,$17.88,14.0 ¢/oz
"Hunts 100% Natural Tomato Ketchup, No High Fructose Corn Syrup, 38 oz. Squeeze Bottle",Ketchup,3.87,$3.87,10.2 ¢/oz
"Miracle Whip Light Mayo-like Dressing, 30 fl oz Jar",Mayonnaise,5.74,$5.74,19.1 ¢/fl oz
"(2 pack) Heinz Simply Tomato Ketchup with No Artificial Sweeteners, 19 oz Bottle",Ketchup,8.36,$8.36,22.0 ¢/oz
"(2 pack) Heinz Simply Tomato Ketchup with No Artificial Sweeteners, 31 oz Bottle",Ketchup,12.48,$12.48,20.1 ¢/oz
"(2 pack) Samyang Carbo Buldak Korean Spicy Hot Chicken Flavor Sauce, 7oz Bottle",Hot Sauces,9.94,$9.94,70.5 ¢/oz
"(4 pack) Old El Paso Mild Red Enchilada Sauce, Meal Prep, 10 oz",Cooking Sauces & Marinades,8.48,$8.48,21.2 ¢/oz
(3 pack) Sweet Baby Ray's Honey Mustard Dipping Sauce 14 fl oz,Mustards,7.74,$7.74,18.4 ¢/fl oz
"(3 pack) Hidden Valley Gluten Free Keto-Friendly Original Ranch Salad Dressing and Topping, 36 fl oz Bottle",Salad Dressings,18.81,$18.81,17.4 ¢/fl oz
"Ortega Original Thick and Smooth Hot Taco and Enchilada Chili Sauce, Kosher, 16 oz",Worcestershire Sauce,3.56,$3.56,22.3 ¢/oz
(2 pack) Lee Kum Kee Sriracha Mayo Dressing Spread 15 fl oz. Bottle,Mayonnaise,14,$14.00,46.7 ¢/fl oz
"Great Value Organic Yellow Mustard, 8 oz",Mustards,2.23,$2.23,27.9 ¢/oz
"(3 pack) Hidden Valley Garlic Ranch Condiment and Dressing, 20 fl oz Easy Squeeze Bottle",Salad Dressings,15.66,$15.66,26.1 ¢/fl oz
Sweet Baby Ray's Hickory & Brown Sugar Barbecue Sauce 28 oz,Barbecue Sauces,3.56,$3.56,12.7 ¢/oz
"Kraft Hint of Honey Slow-Simmered Barbecue Sauce Value Size, 40 oz Bottle",Barbecue Sauces,3.88,$3.88,9.7 ¢/oz
"Ortega Original Thick and Smooth Medium Taco and Enchilada Chili Sauce, Kosher, 8 oz",Cooking Sauces & Marinades,1.98,$1.98,24.8 ¢/oz
"Kraft Classic Ranch Dressing Family Size, 24 fl oz Bottle",Salad Dressings,3.98,$3.98,16.6 ¢/fl oz
"(3 pack) Heinz Tomato Ketchup, 32 oz Bottle",Ketchup,13.41,$13.41,14.0 ¢/oz
(4 pack) Great Value Real Sugar Tomato Ketchup 32 oz,Ketchup,10.48,$10.48,8.2 ¢/oz
"(4 pack) Great Value Organic Tomato Ketchup, 20 oz",Ketchup,9.52,$9.52,11.9 ¢/oz
"(6 pack) Great Value Original BBQ Sauce, 18 oz Bottle, 1 Each",Barbecue Sauces,11.28,$11.28,10.4 ¢/oz
"Contadina Tomato Sauce, Canned Tomatoes, 29 oz Can",Ketchup,2.34,$2.34,8.1 ¢/oz
"Hunts Tomato Sauce, Perfect for Chili & Soups, 29 oz. Can",Ketchup,2.17,$2.17,7.5 ¢/oz
(4 pack) Lee Kum Kee Hoisin Sauce 20 oz.,Cooking Sauces & Marinades,20,$20.00,25.0 ¢/oz
"(6 pack) Great Value Green Chile Enchilada Sauce, Mild, 10 oz Can",Cooking Sauces & Marinades,6,$6.00,10.0 ¢/oz
"(3 pack) Colgin Natural Hickory Liquid Smoke Flavor, 4 fl oz",Cooking Sauces & Marinades,6.99,$6.99,58.3 ¢/fl oz
"Hunts 100% Natural Tomato Ketchup, No High Fructose Corn Syrup, 32 oz. Squeeze Bottle",Ketchup,3.82,$3.82,11.9 ¢/oz
(3 pack) Primal Kitchen Organic and Unsweetened Ketchup 11.3 oz,Ketchup,18,$18.00,53.1 ¢/oz
"(2 pack) Kinder's Hickory Brown Sugar Barbecue Sauce, 15.8 oz",Barbecue Sauces,8.36,$8.36,26.5 ¢/oz
"(3 pack) Heinz Tomato Ketchup, 2 ct Pack, 50.5 oz Bottles",Ketchup,34.56,$34.56,11.4 ¢/oz
"(2 pack) Kinder's Garlic Butter Dipping Sauce, 13.2 oz Squeeze Bottle",Cooking Sauces & Marinades,9.96,$9.96,37.7 ¢/oz
"(3 pack) Hidden Valley Creamy Jalapeo Ranch Condiment and Dressing, 20 Fluid Ounce Bottle",Salad Dressings,15.66,$15.66,26.1 ¢/fl oz
"(2 pack) Heinz Tomato Ketchup Blended With Jalapeno, 14 oz Squeeze Bottle",Ketchup,6.96,$6.96,24.9 ¢/oz
"(3 pack) Hidden Valley Gluten Free Original Ranch Salad Dressing and Topping, 8 fl oz Bottle",Salad Dressings,7.74,$7.74,32.3 ¢/fl oz
Flavortown Smokin' Hickory BBQ Sauce 15.5 oz,Barbecue Sauces,4.37,$4.37,28.2 ¢/oz
"(6 pack) Great Value Spicy Tomato Ketchup, 20 oz",Ketchup,11.88,$11.88,9.9 ¢/oz
"(8 pack) Great Value Honey BBQ Sauce, 18 oz Bottle, 1 Each",Barbecue Sauces,15.04,$15.04,10.4 ¢/oz
"(2 pack) Beaver Brand Honey Mustard Sauce, 13 oz Bottle",Mustards,6.76,$6.76,26.0 ¢/oz
"(2 pack) bettergoods Expertly Blended Sriracha Aioli, 12 fl oz Bottle",Cooking Sauces & Marinades,5.94,$5.94,24.8 ¢/fl oz
"(3 pack) Heinz Simply Tomato Ketchup with No Artificial Sweeteners, 31 oz Bottle",Ketchup,18.72,$18.72,20.1 ¢/oz
"(3 pack) Great Value Ground Mustard, 1.5 oz",Mustards,7.11,$7.11,$1.58/oz
"(3 pack) Buffalo Wild Wings Mango Habanero Sauce, 12 fl. oz.",Hot Sauces,10.32,$10.32,28.7 ¢/fl oz
"(3 pack) Bachan's The Original Japanese BBQ Sauce, 17oz Bottle - Bold, Fresh, Umami Flavor",Barbecue Sauces,26.46,$26.46,51.9 ¢/oz
(2 pack) Primal Kitchen Avocado Oil Mayo 12 oz,Mayonnaise,16.76,$16.76,69.8 ¢/fl oz
"(4 pack) Hidden Valley Gluten Free Keto-Friendly Original Ranch Salad Dressing and Topping, 36 fl oz Bottle",Salad Dressings,25.08,$25.08,17.4 ¢/fl oz
(3 pack) Melinda's Ghost Ketchup (Squeeze),Ketchup,13.08,$13.08,31.1 ¢/oz
"(2 pack) Chick-fil-A Barbeque Sauce, 16 fl oz Squeeze Bottle",Barbecue Sauces,7.94,$7.94,24.8 ¢/fl oz
"(4 pack) Great Value Spicy Brown Mustard, 12 oz",Mustards,7.12,$7.12,14.8 ¢/oz
"(3 pack) Great Value Mayo, 18 fl oz",Mayonnaise,10.14,$10.14,18.8 ¢/fl oz
"(3 pack) Kraft Real Mayo Creamy & Smooth Mayonnaise, 48 fl oz Jar",Mayonnaise,19.74,$19.74,13.7 ¢/fl oz
"(3 pack) Hidden Valley Gluten Free Buffalo Ranch Dipping Sauce, Topping and Dressing, 20 fl oz",Salad Dressings,15.66,$15.66,26.1 ¢/fl oz
(2 pack) Sweet Baby Ray's Buffalo Wing Sauce 16 fl oz,Cooking Sauces & Marinades,6.76,$6.76,21.1 ¢/fl oz
"(3 pack) G Hughes Sugar Free Honey Mustard Dipping Sauce, 18 oz",Mustards,11.46,$11.46,21.2 ¢/oz
"(2 pack) Terry Ho's Yum Yum Sauce, Spicy, 14 fl oz",Cooking Sauces & Marinades,7.56,$7.56,27.0 ¢/fl oz
"(2 pack) DONA MARIA Verde Mole Cooking Sauces and Marinades, 8.25 oz Glass Jar",Cooking Sauces & Marinades,5.36,$5.36,32.5 ¢/oz
"(2 pack) Buffalo Wild Wings Medium Buffalo Sauce, 12 fl. oz.",Hot Sauces,6.88,$6.88,28.7 ¢/fl oz
"(2 pack) Huy Fong Sriracha Hot Chili Sauce Ketchup, 20 oz Bottle",Ketchup,6.68,$6.68,16.7 ¢/oz
"(3 pack) Hunts 100% Natural Tomato Ketchup, No High Fructose Corn Syrup, 38 oz. Squeeze Bottle",Ketchup,11.61,$11.61,10.2 ¢/oz
"(2 pack) Chick-fil-A Zesty Buffalo Sauce, 16 fl oz Squeeze Bottle",Hot Sauces,7.94,$7.94,24.8 ¢/fl oz
"(3 pack) Bachan's Sweet Honey Japanese BBQ Sauce, 17oz Bottle - Bold, Fresh, Umami Flavor",Barbecue Sauces,26.34,$26.34,51.6 ¢/oz
"(3 pack) Bachan's Sweet & Spicy Japanese BBQ Sauce, 16oz Bottle - Bold, Fresh, Umami Flavor",Barbecue Sauces,26.46,$26.46,55.1 ¢/oz
(2 pack) Flavortown Money Honey BBQ Sauce 14.5 oz,Barbecue Sauces,8.74,$8.74,30.1 ¢/oz
(2 pack) Flavortown Hot Honey BBQ Sauce 15.2 oz,Barbecue Sauces,8.74,$8.74,28.8 ¢/oz
"(2 pack) Kinder's Sweet Sesame Teriyaki Dipping Sauce, 15.5 oz Squeeze Bottle",Cooking Sauces & Marinades,9.96,$9.96,32.1 ¢/oz
"(2 pack) Kinder's Sweet and Tangy Gold BBQ Sauce, 15.3 oz Squeeze Bottle",Barbecue Sauces,8.36,$8.36,27.3 ¢/oz
"(4 pack) Great Value Original Barbecue Sauce, 18 fl oz",Barbecue Sauces,7.84,$7.84,10.9 ¢/oz
"(4 pack) Great Value Honey Barbecue Sauce, 18 fl oz",Barbecue Sauces,7.84,$7.84,10.9 ¢/oz
"(8 pack) El Pato Green Jalapeno Sauce, 7.75 oz",Hot Sauces,7.84,$7.84,12.6 ¢/oz
"(3 pack) Blues Hog Smokey Mountain BBQ Sauce, Gluten-Free, 24 oz",Barbecue Sauces,25.14,$25.14,34.9 ¢/oz
"(4 pack) Great Value Classic Ranch Salad Dressing & Dip, 16 fl oz",Salad Dressings,7.88,$7.88,12.3 ¢/fl oz
"(2 pack) Tabasco Chipotle Pepper Sauce, 5 oz Regular Glass Bottle Containing Liquid Hot Sauce, Gluten Free",Hot Sauces,7.12,$7.12,71.2 ¢/fl oz
"(3 pack) Ortega Original Thick and Smooth Medium Taco and Enchilada Chili Sauce, Kosher, 16 oz Jar",Hot Sauces,10.68,$10.68,22.3 ¢/oz
"(3 pack) Great Value Mild Picante Sauce, 70 oz",Cooking Sauces & Marinades,17.94,$17.94,8.5 ¢/oz
"(2 pack) Kinder's Golden BBQ Dipping Sauce, 15.5 oz Squeeze Bottle",Barbecue Sauces,9.96,$9.96,32.1 ¢/oz
"(4 pack) G Hughes Sugar Free Ketchup, 13 oz",Ketchup,16.48,$16.48,31.7 ¢/oz
(2 pack) Sweet Baby Ray's Mild Buffalo Wing Sauce 16 fl oz,Cooking Sauces & Marinades,6.76,$6.76,21.1 ¢/fl oz
"Franklin Barbecue Spicy BBQ Sauce, 18 oz",Barbecue Sauces,5.14,$5.14,28.6 ¢/oz
(3 pack) Primal Kitchen Avocado Oil Mayo 12 oz,Mayonnaise,25.14,$25.14,69.8 ¢/fl oz
"(3 pack) Jack Daniel's Original BBQ Sauce, 19.5 oz Bottle",Barbecue Sauces,15.96,$15.96,27.3 ¢/oz
"(3 pack) Kraft Hint of Honey Slow-Simmered Barbecue Sauce Value Size, 40 oz Bottle",Barbecue Sauces,11.64,$11.64,9.7 ¢/oz
"(3 pack) Ortega Original Thick and Smooth Hot Taco and Enchilada Chili Sauce, Kosher, 16 oz",Hot Sauces,10.68,$10.68,22.3 ¢/oz
"(3 pack) Franklin Barbecue Original Texas BBQ Sauce, 18 oz",Barbecue Sauces,15.42,$15.42,28.6 ¢/oz
(3 pack) Melinda's Fire Roasted Garlic Habanero Pepper Sauce,Hot Sauces,16.32,$16.32,45.3 ¢/fl oz
"(3 pack) G Hughes Sugar Free Teriyaki Marinade, 13 oz",Cooking Sauces & Marinades,11.82,$11.82,30.3 ¢/oz
"(3 pack) G Hughes Sugar Free Original BBQ Sauce, 18 oz",Barbecue Sauces,13.35,$13.35,24.7 ¢/oz
"Heinz Dill Relish, 12.7 oz Bottle",Relishes,2.97,$2.97,23.4 ¢/fl oz
"Great Value Restaurant Style Chicken Dipping Sauce, 12 fl oz",Cooking Sauces & Marinades,2.38,$2.38,19.8 ¢/fl oz
"Lotus Biscoff Cookies, 8.8oz, 32 Cookies per Pack",Cookies,3.12,$3.12,35.5 ¢/oz
"Royal Dansk Danish Butter Cookies, Premium Assorted Cookies in Gift Tin, Great for Sharing and Gifting, 12 oz",Cookies,5.14,$5.14,42.8 ¢/oz
"Pepperidge Farm Chessmen Butter Cookies, 7.25 oz Bag (24 Cookies)",Cookies,4.07,$4.07,55.8 ¢/oz
"CHIPS AHOY! Original Chocolate Chip Cookies, 13 oz",Cookies,3.87,$3.87,29.8 ¢/oz
"Great Value Fudge Striped Shortbread Cookies, 11.5 oz",Cookies,2.26,$2.26,19.7 ¢/oz
"Pillsbury Mini Soft Baked Cookies, Chocolate Chip, Snack Bags, 10 Count, 10 oz",Cookies,5.58,$5.58,55.8 ¢/oz
"Mother's Original Circus Animal , Frosted Animal Cookies with Rainbow Sprinkles, Resealable Bag, 9 oz",Cookies,3.93,$3.93,43.7 ¢/oz
"Tate's Bake Shop Gluten Free Chocolate Chip Cookies, Gluten Free Cookies, 7 oz",Cookies,5.22,$5.22,74.6 ¢/oz
"Freshness Guaranteed Frosted Sugar Cookies, Pink, Shelf-Stable, Whole, 13.5 oz, 10 Count",Cookies,4.17,$4.17,30.9 ¢/oz
"Little Dutch Boy Bakery Semi-Sweet Baked Soft Chocolate Chip Cookies, Family Size, 28 Count, 24 oz, Ready to Serve",Cookies,6.68,$6.68,27.8 ¢/oz
"Dunkaroos Vanilla Cookies and Rainbow Chip Frosting, 10 Count, 10 oz",Cookies,6.68,$6.68,66.8 ¢/oz
"Pepperidge Farm Milano Milk Chocolate Cookies, 6 oz Bag (15 Cookies)",Cookies,4.07,$4.07,67.8 ¢/oz
"CHIPS AHOY! Chewy Chocolate Chip Cookies, 13 oz",Cookies,3.87,$3.87,29.8 ¢/oz
"Freshness Guaranteed Chocolate Chip Baked Cookies, 14 oz, 10 Count",Cookies,3.47,$3.47,24.8 ¢/oz
"Nabisco Cookie Variety Pack, OREO, Nutter Butter, CHIPS AHOY!, 10 Snack Packs (4 Cookies Per Pack)",Cookies,5.97,$5.97,36.5 ¢/oz
"Great Value Iced Oatmeal Flavor Cookies, 18oz",Cookies,2.08,$2.08,11.6 ¢/oz
"Great Value Vanilla Creme Flavor Sandwich Cookies, 25 oz",Cookies,2.68,$2.68,10.7 ¢/oz
"Great Value Fudge Covered Peanut Butter Filled Cookies, 9.5 oz",Cookies,2.26,$2.26,23.8 ¢/oz
"Great Value Duplex Sandwich Crme Cookies, 25 oz",Cookies,2.68,$2.68,10.7 ¢/oz
"Great Value Fudge Mint Cookies, 10 oz",Cookies,2.26,$2.26,22.6 ¢/oz
"Pepperidge Farm Milano Double Dark Chocolate Cookies, 7.5 oz Bag (15 Cookies)",Cookies,4.07,$4.07,54.3 ¢/oz
"Tate's Bake Shop Chocolate Chip Cookies, 7 oz",Cookies,5.22,$5.22,74.6 ¢/oz
"Great Value Vanilla Flavor Wafer Cookies, 8 oz",Cookies,1.97,$1.97,24.6 ¢/oz
"CHIPS AHOY! Original Chocolate Chip Cookies, Family Size, 18.2 oz",Cookies,4.97,$4.97,27.3 ¢/oz
"OREO Chocolate Sandwich Cookies, Party Size, 24.16 oz",Cookies,5.98,$5.98,24.8 ¢/oz
"Great Value Caramel Coconut & Fudge Cookies, 8.5 oz",Cookies,3.14,$3.14,36.9 ¢/oz
"Great Value Assorted Flavor Sandwich Cookies, 25 oz",Cookies,2.68,$2.68,10.7 ¢/oz
"Freshness Guaranteed Bakery Cookies Made with M&M's Candies, 14 oz, 10 Count",Cookies,3.47,$3.47,24.8 ¢/oz
"Keebler Vienna Fingers, Sandwich Cookies with Crme Filling, 12 oz",Cookies,3.76,$3.76,31.3 ¢/oz
"Nestle Toll House Chocolate Chip Lovers Ready to Bake Cookie Dough for Valentine Treats, Makes 12 Cookies, 16 oz",Doughs,4.16,$4.16,26.0 ¢/oz
"Pepperidge Farm Tahoe Crispy White Chocolate Macadamia Nut Cookies, 7.2 oz Bag (8 Cookies)",Cookies,4.52,$4.52,62.8 ¢/oz
"OREO Chocolate Sandwich Cookies, 13.29 oz",Cookies,3.96,$3.96,29.8 ¢/oz
"Great Value Chewy Chocolate Chip Cookies, 19.5 oz",Cookies,3.47,$3.47,17.8 ¢/oz
"Freshness Guaranteed Oatmeal Raisin Bakery Cookies, 14 oz, 10 Count (Shelf Stable)",Cookies,3.47,$3.47,24.8 ¢/oz
"Famous Amos Classic Chocolate Chip Cookies, Bite-size cookies, Sweet Treats, 10 Pack Box, 1oz Bag",Cookies,5.77,$5.77,57.7 ¢/oz
"CHIPS AHOY! Chewy Chocolate Chip Cookies, Family Size, 19.5 oz",Cookies,4.97,$4.97,25.5 ¢/oz
"Freshness Guaranteed Valentine's Sugar Cookies, 8 oz, 12 Count",Cookies,2.97,$2.97,37.1 ¢/oz
"Nabisco Cookie Variety Pack, OREO Mini, Nutter Butter Bites, CHIPS AHOY! Mini, 10 Snack Packs",Cookies,5.97,$5.97,59.7 ¢/oz
"Freshness Guaranteed Snickerdoodle Cookies, 14 oz, 10 Count",Cookies,3.64,$3.64,26.0 ¢/oz
"NUTTER BUTTER Peanut Butter Sandwich Cookies, Family Size, 16 oz",Cookies,5.48,$5.48,34.3 ¢/oz
"Keebler Fudge Stripes Minis, Original Shortbread Cookies Coated in Keebler Fudge, 10 oz, 10 Count",Cookies,5.72,$5.72,57.2 ¢/oz
"Keebler Coconut Dreams, Coconut and Caramel Cookies Coated in Keebler Fudge, 8.5 oz",Cookies,3.76,$3.76,44.2 ¢/oz
"Great Value Classic Chocolate Chip Cookies, 18.2 oz",Cookies,3.47,$3.47,19.1 ¢/oz
"Pillsbury Ready to Bake Refrigerated Cookie Dough, Sugar Cookie, Makes 16 Cookies, 16.5 oz",Doughs,4,$4.00,24.2 ¢/oz
"Keebler Chips Deluxe Cookies Made with M&Ms, Chocolate Chip Cookies Made with M&Ms, 9.75 oz",Cookies,3.76,$3.76,38.4 ¢/oz
"Freshness Guaranteed Peanut Butter Bakery Cookies, 14oz, 10 Count, Baked",Cookies,3.64,$3.64,26.0 ¢/oz
"Great Value Lemon Flavor Sandwich Cookies, 25 oz",Cookies,2.68,$2.68,10.7 ¢/oz
"Keebler E.L. Fudge Double Stuffed Elfwich Cookies, Sandwich Cookies Stuffed with Crme Filling, 13 oz",Cookies,3.76,$3.76,28.9 ¢/oz
"OREO Chocolate Sandwich Cookies, Family Size, 18.12 oz",Cookies,4.97,$4.97,27.4 ¢/oz
"Freshness Guaranteed Valentine's Day Baked Heart Shortbread Cookies, 10.4 oz, 18 Count",Cookies,3.97,$3.97,38.2 ¢/oz
"Keebler Fudge Stripes, Original Shortbread Cookies Coated in Keebler Fudge, 11.5 oz",Cookies,3.76,$3.76,32.7 ¢/oz
"Pillsbury Ready to Bake Chocolate Chip Cookie Dough, Makes 24 Cookies, 16 oz",Doughs,4,$4.00,25.0 ¢/oz
"Marketside Decadent Bakery Cookie Platter, 32 oz, 32 Count, Baked",Cookies,11.94,$11.94,37.3 ¢/oz
"Great Value Fudge Marshmallow Cookies, 12 oz",Cookies,3.76,$3.76,31.3 ¢/oz
"Freshness Guaranteed Baked White Candy Macadamia Nut Cookies, 14 oz, 10 Count (Shelf Stable)",Cookies,3.47,$3.47,24.8 ¢/oz
"Freshness Guaranteed Sugar Baked Cookies, 14 oz, 10 Count",Cookies,3.64,$3.64,26.0 ¢/oz
"CHIPS AHOY! Original Chocolate Chip Cookies, Party Size, 25.3 oz",Cookies,5.98,$5.98,23.6 ¢/oz
"Great Value Vanilla Wafer Cookies, 11 oz, 1 Count",Cookies,3,$3.00,27.3 ¢/oz
"OREO Double Stuf Chocolate Sandwich Cookies, Family Size, 18.71 oz",Cookies,4.97,$4.97,26.6 ¢/oz
"Great Value Strawberry Flavor Wafer Cookies, 8oz",Cookies,1.97,$1.97,24.6 ¢/oz
"Nabisco Sweet Treats Cookie Variety Pack OREO, OREO Golden & CHIPS AHOY!, 30 Snack Packs",Cookies,12.97,$12.97,55.7 ¢/oz
"NILLA Wafers Mini Cookies, Vanilla Wafers, 10 Snack Packs",Cookies,5.97,$5.97,59.7 ¢/oz
"CHIPS AHOY! Hershey's Milk Chocolate Chip Cookies, 9.5 oz",Cookies,3.87,$3.87,40.7 ¢/oz
"Marketside Decadent Chocolate Chunk Baked Cookies, 13.5 oz, 6 Count",Cookies,5.47,$5.47,40.5 ¢/oz
"Great Value Pecan Shortbread Cookies, 11.3 oz",Cookies,2.56,$2.56,22.7 ¢/oz
"Keebler Fudge Stripes, Original Shortbread Cookies Coated in Keebler Fudge, Family Size 17.3 oz",Cookies,4.68,$4.68,27.1 ¢/oz
"Nestle Toll House Chocolate Chip Ready to Bake Cookie Dough, Makes 24 Cookies for Valentine's Day Baking, 16.5 oz",Doughs,4.16,$4.16,25.2 ¢/oz
"Pepperidge Farm Verona Strawberry Thumbprint Cookies, 6.75 oz Bag (18 Cookies)",Cookies,4.07,$4.07,59.9 ¢/oz
"Freshness Guaranteed Valentine's Day Assorted Cookies, 21 oz, 45 Count",Cookies,6.47,$6.47,30.8 ¢/oz
"Lorna Doone Shortbread Cookies, 10 Snack Packs (4 Cookies Per Pack)",Cookies,5.74,$5.74,57.4 ¢/oz
"Freshness Guaranteed Peanut Butter Fudge No Bake Cookies, 12.38 oz",Cookies,4.48,$4.48,36.1 ¢/oz
"Keebler Sandies Shortbread Cookies, 11.2 oz",Cookies,3.43,$3.43,30.6 ¢/oz
"Great Value Classic Chippers Chocolate Chip Cookies, 13 oz",Cookies,3,$3.00,23.1 ¢/oz
"NUTTER BUTTER Peanut Butter Wafer Cookies, 10.5 oz",Cookies,5.48,$5.48,52.2 ¢/oz
"Great Value Chunky Chippers Chocolate Chip Cookies, 11.75 oz",Cookies,3.02,$3.02,25.6 ¢/oz
"Keebler Sandies Pecan Cookies, Shortbread Cookies with Crunchy Pecans, 11.3 oz",Cookies,3.43,$3.43,30.4 ¢/oz
"Marketside Bite Sized Chocolate Chip Baked Cookies, 12 oz, 48 Count",Cookies,5.87,$5.87,48.9 ¢/oz
"Nabisco Crowd Favorites Cookie Variety Pack, CHIPS AHOY! Mini & OREO Mini, 30 Snack Packs",Cookies,12.97,$12.97,43.2 ¢/oz
"Pepperidge Farm Milano Double Milk Chocolate Cookies, 7.5 oz Bag (15 Cookies)",Cookies,4.07,$4.07,54.3 ¢/oz
"Pillsbury Mini Soft Baked Cookies, Funfetti, Snack Bags, 10 Count, 10 oz",Cookies,5.58,$5.58,55.8 ¢/oz
"Marinela Butter Crowns Butter Flavored Cookies, 10 Count, Cookies, 2.65 oz Bag",Cookies,1.72,$1.72,64.9 ¢/oz
"Marketside Decadent Cowboy Baked Cookies, 13.5 oz, 6 Count",Cookies,5.47,$5.47,40.5 ¢/oz
"CHIPS AHOY! Chewy Chocolate Chip Cookies with Reese's Peanut Butter Cups, Family Size, 14.25 oz",Cookies,4.97,$4.97,34.9 ¢/oz
"Freshness Guaranteed Valentine's Day Baked Heart Sugar Cookies, 11.8 oz, 10 Count",Cookies,4.97,$4.97,42.1 ¢/oz
"Freshness Guaranteed Shortbread Cookies, 7.76 oz, 19 Count",Cookies,5.44,$5.44,69.7 ¢/oz
"Great Value Chocolate Creme Wafer Cookies, 8 oz",Cookies,1.97,$1.97,24.6 ¢/oz
"NILLA Wafers Cookies, Vanilla Wafers, 11 oz",Cookies,4.82,$4.82,43.8 ¢/oz
"Great Value Hazelnut Cocoa Biscuits Cookies, 10.7 oz",Cookies,3.92,$3.92,36.6 ¢/oz
"Newtons Soft & Fruit Chewy Fig Cookies, (Fig Bars), 10 oz",Cookies,4.18,$4.18,41.8 ¢/oz
"Freshness Guaranteed Frosted Sugar Cookies, Blue, Shelf-Stable/Ambient, Whole, 13.5 oz, 10 Count",Cookies,4.17,$4.17,30.9 ¢/oz
"Freshness Guaranteed Baked Candy Cane Sandwich Cookies, 20 oz, 16 Count",Cookies,4.12,$4.12,20.6 ¢/oz
"Pepperidge Farm Cookies Classic Collection, 9 Cookie Varieties, 13.25 oz. Box",Cookies,7.68,$7.68,57.7 ¢/oz
"OREO Golden Sandwich Cookies, 13.29 oz",Cookies,3.96,$3.96,29.8 ¢/oz
VOORTMAN Baked Zero Sugar Oatmeal Cookies 8 oz,Cookies,3.83,$3.83,47.9 ¢/oz
"OREO Double Stuf Chocolate Sandwich Cookies, Party Size, 24.95 oz",Cookies,5.98,$5.98,24.0 ¢/oz
"Freshness Guaranteed Sugar Cookies, Frosted, 24.3 oz, 18 Count",Cookies,6.78,$6.78,27.9 ¢/oz
"Lance Sandwich Cookies, Nekot Peanut Butter, 10 Individually Wrapped Packs, 6 Sandwiches Each",Cookies,4.32,$4.32,24.8 ¢/oz
"OREO Double Stuf Chocolate Sandwich Cookies, 14.03 oz",Cookies,3.96,$3.96,28.3 ¢/oz
"CHIPS AHOY! Fresh Stacks Chewy Chocolate Chip Cookies, Travel Snacks, 8.66 oz (4 Multi Snack Packs)",Cookies,2.87,$2.87,33.1 ¢/oz
"Newtons Soft & Fruit Chewy Strawberry Cookies, (Strawberry Bars), 10 oz Pack",Cookies,4.18,$4.18,41.8 ¢/oz
"(3 pack) NUTTER BUTTER Peanut Butter Sandwich Cookies, Family Size, 16 oz",Cookies,16.44,$16.44,34.3 ¢/oz
"CHIPS AHOY! Chunky Fudgy Chocolate Chip Cookies, Party Size, 24.75 oz",Cookies,5.98,$5.98,24.1 ¢/oz
"Great Value Oatmeal Flavor Cookies, 18 oz",Cookies,2.08,$2.08,11.6 ¢/oz
VOORTMAN Bakery Zero Sugar Fudge Brownie Chocolate Chip Cookies 8 oz,Cookies,3.83,$3.83,47.9 ¢/oz
"Pepperidge Farm Sausalito Crispy Milk Chocolate Macadamia Nut Cookies, 7.2 oz Bag (8 Cookies)",Cookies,4.52,$4.52,62.8 ¢/oz
"Freshness Guaranteed Baked Assorted Italian Cookies, 16 oz, 21 Count",Cookies,6.47,$6.47,40.4 ¢/oz
"Homestyle Soft Baked Oatmeal Raisin Cookie 6 Count, Ready to Eat, Kosher Dairy, Contains: Eggs, Milk, Soy, Wheat",Cookies,1.06,$1.06,19.9 ¢/oz
"Pepperidge Farm Montauk Soft Baked Milk Chocolate Chunk Cookies, 8.6 oz Bag (8 Cookies)",Cookies,4.52,$4.52,52.6 ¢/oz
"NILLA Wafers Mini Cookies, Vanilla Wafers, 11 oz",Cookies,4.82,$4.82,43.8 ¢/oz
"Pepperidge Farm Santa Cruz Soft Baked Oatmeal Raisin Cookies, 8.6 oz Bag (8 Cookies)",Cookies,4.52,$4.52,52.6 ¢/oz
"Freshness Guaranteed Frosted Baked Sugar Cookies with Football Sprinkles, 24.3 oz, 18 Count",Cookies,5.84,$5.84,24.0 ¢/oz
"Pillsbury Ready to Bake Monster Refrigerated Cookie Dough, 12 Big Cookies, 16 oz",Doughs,4,$4.00,25.0 ¢/oz
"CHIPS AHOY! Mini Original Chocolate Chip Cookies, 10 Snack Packs",Cookies,5.97,$5.97,59.7 ¢/oz
"CHIPS AHOY! Chunky Fudgy Chocolate Chip Cookies, Family Size, 18 oz",Cookies,4.97,$4.97,27.6 ¢/oz
"Marketside Decadent Peanut Butter Chocolate Chunk Baked Cookies, 13.5 oz, 6 Count",Cookies,5.47,$5.47,40.5 ¢/oz
"NUTTER BUTTER Double Nutty Peanut Butter Sandwich Cookies, Family Size, 15.27 oz",Cookies,5.23,$5.23,34.3 ¢/oz
"Homestyle Soft Baked Chocolate Chip Flavored Cookie 6 Count, Ready to Eat, Kosher Dairy, Contains: Eggs, Milk, Soy, Wheat",Cookies,1.06,$1.06,19.9 ¢/oz
"King Krumb Decadent Snowberry Royale and Holly Jolly Toffee Bakery Cookies, 11oz, 2 Count, Baked, Ready to Eat",Cookies,1.49,$1.49,13.5 ¢/oz
"OREO Golden Sandwich Cookies, Party Size, 24.16 oz",Cookies,5.98,$5.98,24.8 ¢/oz
"Great Value Chocolate Chip Chewy Cookies, 13 oz",Cookies,3.02,$3.02,23.2 ¢/oz
"CHIPS AHOY! Reeses Peanut Butter Cup Chocolate Chip Cookies, Family Size, 14.25 oz",Cookies,4.97,$4.97,34.8 ¢/oz
"Pepperidge Farm Milano Mint Chocolate Cookies, 7 oz Bag (15 Cookies)",Cookies,4.07,$4.07,58.1 ¢/oz
"Freshness Guaranteed No Sugar Added Baked Oatmeal Raisin Cookies, 14 oz, 10 Count (Shelf Stable)",Cookies,4.76,$4.76,34.0 ¢/oz
"Kimberley's Bakeshoppe Oreo Frosted Sugar Cookie, 13.5oz, 10 Count",Cookies,5.12,$5.12,37.9 ¢/oz
"Handi-Snacks OREO Cookie Sticks 'N Creme Dip Snack Packs, 10 Snack Packs",Cookies,6.98,$6.98,69.8 ¢/oz
"Great Value Mini Alphabet, Chippers & Oatmeal Cookies Variety Pack, 30 Snack Packs",Cookies,9.43,$9.43,31.4 ¢/oz
"La Molienda Iced Cookies, Colorful Mexican Cookies, 16 oz",Cookies,3.32,$3.32,20.8 ¢/oz
"Little Debbie Big Pack Oatmeal Crme Pies, 30 oz (12 count)",Cookies,5.48,$5.48,17.2 ¢/oz
"(3 pack) OREO Double Stuf Chocolate Sandwich Cookies, Family Size, 18.71 oz",Cookies,14.91,$14.91,26.6 ¢/oz
VOORTMAN Bakery Zero Sugar Strawberry Wafer Cookies 9 oz,Cookies,3.83,$3.83,42.6 ¢/oz
"La Molienda Grajeas Cookies, Mexican Cookies with Colorful Candy Bits, 16 oz",Cookies,4.12,$4.12,25.8 ¢/oz
"Gamesa Barras De Coco Coconut Cookies, 14.3 oz Box",Cookies,4.54,$4.54,31.7 ¢/oz
"Lu Petit Ecolier European Milk Chocolate Biscuit Cookies, 5.29 oz",Cookies,4.87,$4.87,91.9 ¢/oz
"Great Value Twist & Shout Chocolate Flavor Sandwich Cookies, 14.3 oz",Cookies,2.97,$2.97,20.8 ¢/oz
"OREO Loaded Chocolate Sandwich Cookies, 13.37 oz",Cookies,4.97,$4.97,37.2 ¢/oz
"CHIPS AHOY! Chunky Fudgy Chocolate Chip Cookies, 11.75 oz",Cookies,3.87,$3.87,32.8 ¢/oz
"Keebler Sweet Treat Variety Pack, 10-Count Box, Includes Chips Deluxe, Funables, Fudge Stripes, and Mother's Circus Animal Cookies, 9.4 oz",Cookies,5.72,$5.72,60.9 ¢/oz
"Pirouline Chocolate Hazelnut Creme Filled Wafer Cookies, 3.5oz, 10 Cookies per Tin. Shelf Stable. Ready to Serve.",Cookies,2.24,$2.24,68.9 ¢/oz
"CHIPS AHOY! Chewy Chocolate Chip Cookies, Party Size, 26 oz",Cookies,5.98,$5.98,23.0 ¢/oz
"Newtons Fig Bars, Soft Fruit Chewy Cookies, 10 Snack Packs (2 Cookies Per Pack)",Cookies,5.97,$5.97,29.9 ¢/oz
"Pepperidge Farm Chesapeake Crispy Dark Chocolate Pecan Cookies, 7.2 oz Bag (8 Cookies)",Cookies,4.52,$4.52,62.8 ¢/oz
"Great Value Strawberry Bar Cookies, 10 oz",Cookies,3.02,$3.02,30.2 ¢/oz
"Pinwheels Pure Chocolate & Marshmallow Cookies, 12 oz",Cookies,6.78,$6.78,56.5 ¢/oz
"Homestyle Soft Baked Lemon Cookie 6 Count, Ready to Eat, Kosher Dairy, Contains: Eggs, Milk, Soy, Wheat",Cookies,1.06,$1.06,19.9 ¢/oz
"Freshness Guaranteed Baked Lemon Flavored Madeleines Shell Shaped Cookies, 8.4 oz, 12 Count, Ready to Eat",Cookies,6.47,$6.47,77.0 ¢/oz
"Freshness Guaranteed Peanut Butter No Bake Cookies, 12.38 oz, 22 Count",Cookies,4.48,$4.48,36.1 ¢/oz
Little Debbie Family Pack Oatmeal Creme Pies,Cookies,2.97,$2.97,18.3 ¢/oz
"Freshness Guaranteed Valentine's Day Baked Heart Cookies, 12.5 oz, 12 Count",Cookies,4.97,$4.97,39.8 ¢/oz
"CHIPS AHOY! Thins Original Thin and Crispy Fudgy Chocolate Chip Cookies, 7 oz",Cookies,4.97,$4.97,71.0 ¢/oz
"Marinela Barritas Fresa Filled Cookies, 8 packs, Strawberry Cookie Bars, 18.88 oz Multipack",Cookies,4.23,$4.23,22.4 ¢/oz
"Voortman Bakery Zero Sugar Shortbread Cookies 8 oz., 9 Count",Cookies,3.83,$3.83,47.9 ¢/oz
"King Krumb Decadent Chocolate Chunk and Confetti Birthday Cake Bakery Cookies, 11oz, 2 Count, Ready to Eat",Cookies,5.97,$5.97,54.3 ¢/oz
"Marketside Bite Sized Candy Baked Cookies Made with M&M'S, 12 oz, 48 Count",Cookies,5.87,$5.87,48.9 ¢/oz
"Freshness Guaranteed Mini Palmiers, 11.3 oz, 22 Count, Shelf-Stable, Baked, Crispy and Flaky Butter Cookie",Cookies,6.47,$6.47,57.3 ¢/oz
"OREO Thins Chocolate Sandwich Cookies, 9.21 oz",Cookies,3.97,$3.97,43.1 ¢/oz
"OREO Mini Mix Sandwich Cookies Variety Pack, 20 Snack Packs",Cookies,9.86,$9.86,49.3 ¢/oz
"Pepperidge Farm Farmhouse Thin & Crispy Toffee Milk Chocolate Cookies, 6.9 oz. Bag",Cookies,4.52,$4.52,65.5 ¢/oz
"OREO Mini Chocolate Sandwich Cookies, 10 Snack Packs",Cookies,5.97,$5.97,59.7 ¢/oz
"OREO Birthday Cake Creme Chocolate Sandwich Cookies, Family Size, 17 oz",Cookies,4.97,$4.97,29.2 ¢/oz
"CHIPS AHOY! Chewy Red Velvet Cookies, 9.6 oz",Cookies,3.87,$3.87,40.3 ¢/oz
"Homestyle Soft Baked Snickerdoodle Cookies Homestyle 6 Count, Ready to Eat, Kosher Dairy, Contains: Eggs, Milk, Soy, Wheat",Cookies,1.06,$1.06,19.9 ¢/oz
VOORTMAN Bakery Zero Sugar Vanilla Wafer Cookies 9 oz,Cookies,3.83,$3.83,42.6 ¢/oz
(3 pack) VOORTMAN Bakery Zero Sugar Fudge Brownie Chocolate Chip Cookies 8 oz,Cookies,11.49,$11.49,47.9 ¢/oz
"Great Value Twist & Shout Golden Sandwich Cookies, 14.3oz",Cookies,2.97,$2.97,20.8 ¢/oz
"Marinela Sponch Coconut and Strawberry Marshmallow Cookies, 6 packs, Cookies, 9.54 oz Bag",Cookies,3.67,$3.67,38.6 ¢/oz
"Gamesa Marias Cookies, 4.9 oz 4 Count",Cookies,3.78,$3.78,19.2 ¢/oz
"Marketside Bite Sized Peanut Butter Bakery Cookies, 12oz, 48 Count, Ready to Eat",Cookies,5.87,$5.87,48.9 ¢/oz
"CHIPS AHOY! Chewy Chocolatey Hershey's Fudge Filled Soft Chocolate Chip Cookies, Family Size, 14.85 oz",Cookies,4.97,$4.97,33.4 ¢/oz
"CHIPS AHOY! Chewy Hershey's Fudge Filled Soft Cookies, Family Size, 14.85 oz",Cookies,4.97,$4.97,33.5 ¢/oz
"OREO Chocolate Sandwich Cookies, 10 Snack Packs (4 Cookies Per Pack)",Cookies,5.97,$5.97,37.5 ¢/oz
"OREO Cookie Dough Creme Sandwich Cookies, Limited Edition, 10.68 oz",Cookies,4.97,$4.97,46.5 ¢/oz
"Marketside Peanut Butter Cup Baked Cookies Made with Reese's Peanut Butter Cups, 3 oz, 3 Count",Cookies,1.48,$1.48,49.3 ¢/oz
"OREO Peanut Butter Creme Chocolate Sandwich Cookies, Family Size, 17 oz",Cookies,4.97,$4.97,29.2 ¢/oz
"Tate's Bake Shop Walnut Chocolate Chip Cookies, 7 oz",Cookies,5.22,$5.22,74.6 ¢/oz
"CHIPS AHOY! Crunchy Candy Blasts Fudgy Chocolate Chip Cookies, Family Size, 18.9 oz",Cookies,4.97,$4.97,26.3 ¢/oz
"OREO Fresh Stacks Golden Sandwich Cookies, Travel Snacks, 8.05 oz (4 Multi Snack Packs)",Cookies,2.87,$2.87,35.7 ¢/oz
"Marketside Decadent White Chocolate Macadamia Nut Baked Cookies, 13.5 oz, 6 Count",Cookies,5.47,$5.47,40.5 ¢/oz
"Newtons 100% Whole Grain Wheat Soft & Fruit Chewy Fig Cookies, (Fig Bars), 10 oz Pack",Cookies,4.18,$4.18,41.8 ¢/oz
"(3 pack) OREO Chocolate Sandwich Cookies, Family Size, 18.12 oz",Cookies,14.91,$14.91,27.4 ¢/oz
"Marinela Cinnas Cinnamon Cookies, 8 packs, Cookies, 16.96 oz Multipack",Cookies,4.23,$4.23,24.9 ¢/oz
"Parle Hide & Seek Chocolate Chip Cookies, 17.45 oz, 6 Count Individual Packs of 15 Cookies",Cookies,4.84,$4.84,27.7 ¢/oz
"Marketside Decadent White Chocolate Macadamia Nut Bakery Cookies, 3.75 oz, 3 Count, Baked",Cookies,1.48,$1.48,39.5 ¢/oz
"OREO Thins Golden Sandwich Cookies, Family Size, 11.78 oz",Cookies,4.97,$4.97,42.2 ¢/oz
"OREO Fresh Stacks Chocolate Sandwich Cookies, Travel Snacks, 8.05 oz (4 Multi Snack Packs)",Cookies,2.87,$2.87,35.7 ¢/oz
"Pillsbury Ready to Bake! Big Cookies S'mores Cookie Dough, 6 Count, 14 oz",Doughs,4,$4.00,28.6 ¢/oz
"Olivier's Milk Chocolatey Fortune Cookies with Pink Drizzle, Individually Wrapped, Baked with Special Messages, 6 Count",Cookies,4.97,$4.97,$1.30/oz
"CHIPS AHOY! Fresh Stacks Chocolate Chip Cookies, Travel Snacks, 7.76 oz (4 Multi Snack Packs)",Cookies,2.87,$2.87,37.0 ¢/oz
"Freshness Guaranteed Madeleines Cookies 12.6 oz, 18 Count",Cookies,6.47,$6.47,51.3 ¢/oz
"Great Value Twist & Shout Double Filled Birthday Cake Sandwich Creme Cookies, 15.25 oz",Cookies,2.97,$2.97,19.5 ¢/oz
"OREO Lemon Creme Sandwich Cookies, Family Size, 18.71 oz",Cookies,4.97,$4.97,26.6 ¢/oz
"CHIPS AHOY! Crunchy White Fudge Chocolate Chunky Fudgy Chocolate Chip Cookies, Family Size, 18 oz",Cookies,4.97,$4.97,27.6 ¢/oz
"(2 pack) OREO Chocolate Sandwich Cookies, Holiday Cookies, 4 oz Stocking Stuffer Pack",Cookies,1,$1.00,12.5 ¢/oz
"OREO Thins Lemon Creme Sandwich Cookies, Family Size, 11.78 oz",Cookies,4.97,$4.97,42.2 ¢/oz
"OREO Double Stuf Golden Sandwich Cookies, Party Size, 24.95 oz",Cookies,5.98,$5.98,23.9 ¢/fl oz
"Le Chic Patissier - Original Macaron Cookies, 12 Count, 5.08 oz., Gluten-Free, Refrigerated",Cookies,9.42,$9.42,$1.85/oz
"Pillsbury Ready to Bake Refrigerated Sugar Cookie Dough, Makes 24 Cookies, 16 oz",Doughs,4,$4.00,25.0 ¢/oz
"Freshness Guaranteed Chocolate Candy Cookie, 3 oz",Cookies,1,$1.00,33.3 ¢/oz
"(3 pack) Nutella Biscuits Cookies Filled with Nutella Hazelnut Spread, Sweet Snack Pack, 9.7 oz",Cookies,17.31,$17.31,59.5 ¢/oz
"Freshness Guaranteed Game Day Shaped Sugar Cookies 12 Count, 10oz (Baked, Shelf Stable)",Cookies,4.76,$4.76,47.6 ¢/oz
"Freshness Guaranteed Chocolate Chip Cookie, 3 oz",Cookies,1,$1.00,33.3 ¢/oz
"Great Value Twist & Shout Double Filled Chocolate Sandwich Cookies, 15.35 oz",Cookies,2.97,$2.97,19.3 ¢/oz
"Marketside Decadent Oatmeal Raisin Baked Cookies, 13.5 oz, 6 Count",Cookies,5.47,$5.47,40.5 ¢/oz
OREO EASTER COLORED CREME COOKIES 7.14 OZ,Cookies,3.96,$3.96,55.5 ¢/oz
"Great Value Mini Alphabet Cookies, 1 oz, 10 Snack Packs",Cookies,4.33,$4.33,43.3 ¢/oz
"Freshness Guaranteed Baked Oreja Cookies, 9 oz, 6 Count",Cookies,4.84,$4.84,53.8 ¢/oz
"(3 pack) CHIPS AHOY! Chunky Fudgy Chocolate Chip Cookies, Family Size, 18 oz",Cookies,14.91,$14.91,27.6 ¢/oz
"Marinela Barritas Fresa Filled Cookies, 2 Packs, Strawberry Cookie Bars, 3.88 oz Bag",Cookies,1.72,$1.72,44.3 ¢/oz
"OREO Golden Sandwich Cookies, Family Size, 18.12 oz",Cookies,4.97,$4.97,27.5 ¢/oz
"Pillsbury Big Cookies, Chocolate Chunk Salted Caramel Cookie Dough, 6 Count, 14 oz",Doughs,4,$4.00,28.6 ¢/oz
"RP Foods Orejita Palmier Baked Cookies, 12.35 oz",Cookies,3.97,$3.97,32.1 ¢/oz
"Marketside Thin & Crispy Baked Chocolate Chip Cookies, 6 oz, 8 Count",Cookies,5.47,$5.47,91.2 ¢/oz
"OREO Mega Stuf Chocolate Sandwich Cookies, Family Size, 17.6 oz",Cookies,4.97,$4.97,28.2 ¢/oz
"Little Debbie Big Pack Fudge Rounds, 24.1 oz ( 12 count)",Cookies,5.48,$5.48,22.7 ¢/oz
"OREO Chocolate Creme Chocolate Sandwich Cookies, Family Size, 18.71 oz",Cookies,4.97,$4.97,26.6 ¢/oz
"Mother's Limited Batch Puppy Love Cookies,  Frosted Valentines Day Cookies in Puppy, Xs & Os Shapes, 30 Individual 0.5 oz Bags",Cookies,12.88,$12.88,85.9 ¢/oz
"Freshness Guaranteed Thumbprint Cookies, 10.5 oz, 18 Count, Baked, Shelf Stable",Cookies,4.68,$4.68,44.6 ¢/oz
"Marketside Strawberry Chocolate Valentine's Day Baked Cookies, 13.5 oz, 6 Count",Cookies,6.97,$6.97,51.6 ¢/oz
"King Krumb Decadent Chocolate Chunk Bakery Cookies, 11oz, 2 Count, Ready to Eat, Baked",Cookies,5.97,$5.97,54.3 ¢/oz
"La Banderita Authentic Mexican Pastries Baked Sprinkle Cookies, 9.2 oz, 4 Count",Cookies,3.76,$3.76,15.7 ¢/oz
"Glutino Gluten Free Chocolate Chip Cookies, 8.6 oz.",Cookies,5.48,$5.48,63.7 ¢/oz
"King Krumb Decadent Chocolate Chunk and Triple Chocolate Fudge Bakery Cookies, 11oz, 2 Count, Baked, Ready to Eat",Cookies,5.97,$5.97,54.3 ¢/oz
"OREO Double Stuf Golden Sandwich Cookies, Family Size, 18.71 oz",Cookies,4.97,$4.97,26.6 ¢/oz
"OREO Mint Creme Chocolate Sandwich Cookies, Family Size, 18.71 oz",Cookies,4.97,$4.97,26.6 ¢/oz
"Marketside Thin & Crispy Baked Cookies Made with Chocolate Chips & Walnuts, 6 oz, 8 Count",Cookies,5.47,$5.47,91.2 ¢/oz
"(3 pack) OREO Mega Stuf Chocolate Sandwich Cookies, Party Size, 1 lb 9.35 oz",Cookies,17.94,$17.94,23.5 ¢/oz
"Great Value Mini Bear Honey Graham Cookies, 1 oz, 10 Snack Packs",Cookies,4.33,$4.33,43.3 ¢/oz
"(3 pack) CHIPS AHOY! Chewy Hershey's Fudge Filled Soft Cookies, Family Size, 14.85 oz",Cookies,14.91,$14.91,33.5 ¢/oz
"Gamesa Florentinas Mini Tart Strawberry Naturally and Artificially Flavored, 2.81 oz 4 Count (22 cookies)",Cookies,3.98,$3.98,35.9 ¢/oz
"La Banderita Authentic Mexican Pastries White Polvoron Baked Cookies 9.2 oz, 4 Count",Cookies,3.76,$3.76,40.9 ¢/oz
"OREO Dark Chocolate Creme Chocolate Sandwich Cookies, Family Size, 17 oz",Cookies,4.97,$4.97,29.2 ¢/oz
"Freshness Guaranteed Peanut Butter Cookie, 3 oz",Cookies,1,$1.00,33.3 ¢/oz
"Freshness Guaranteed, Rotary Tray, Footballs, Baked, Sugar Cookies, Ready to Eat, 27.2 oz",Cookies,11.97,$11.97,44.0 ¢/oz
"(3 pack) Lu Petit Ecolier European Milk Chocolate Biscuit Cookies, 5.29 oz",Cookies,14.61,$14.61,91.9 ¢/oz
"Ginger Snaps Cookies, Ginger Cookies, 16 oz",Cookies,6.46,$6.46,40.4 ¢/oz
"El Mexicano Marias Cookies, 6 oz",Cookies,0.76,$0.76,12.7 ¢/oz
"Goodie Girl Gluten Free Chocolate Chip Mini Cookies Snack Pack, 0.75 oz per Bag, 5 Count",Cookies,5.94,$5.94,$1.58/oz
"OREO Fudge Covered Chocolate Sandwich Cookies, 7.9 oz",Cookies,4.17,$4.17,52.8 ¢/oz
"Freshness Guaranteed Birthday Cake Spring Bakery Cookie, 3 oz, Baked",Cookies,1,$1.00,33.3 ¢/oz
"Atkins Chocolate Crme Wafers, High Protein Snacks, Keto Wafer Cookies, Low Carb and Low Sugar Snacks, 5 Ct",Cookies,6.98,$6.98,$1.09/oz
"(3 pack) OREO Double Stuf Golden Sandwich Cookies, Family Size, 18.71 oz",Cookies,14.91,$14.91,26.6 ¢/oz
"OREO Chocolate Sandwich Cookies, Valentines Day Cookies, 6.24 oz Heart Shaped Box",Cookies,5.97,$5.97,96.3 ¢/oz
"Gamesa Arcoiris Marshmallow Cookies, 15.5 oz",Cookies,4.43,$4.43,28.4 ¢/oz
"Cybeles Free to Eat, Gluten-Free & Vegan, Soft-Baked, Confetti Cookies, 6oz, 12 Count",Cookies,4.27,$4.27,71.2 ¢/oz
"Annie's Gluten Free Cocoa and Vanilla Bunny Cookies, 6.75 oz",Cookies,4.48,$4.48,65.9 ¢/oz
"Goodie Girl Mint Cookies - Gluten-Free, Peanut-Free, No High Fructose Corn Syrup, 7 oz",Cookies,4.98,$4.98,71.1 ¢/oz
"(3 pack) CHIPS AHOY! Crunchy Candy Blasts Fudgy Chocolate Chip Cookies, Family Size, 18.9 oz",Cookies,14.91,$14.91,26.3 ¢/oz
"Marinela Polvorones Orange Shortbread Cookies, 8 count, Snack Cakes, 20.88 oz Box",Cookies,4.23,$4.23,20.2 ¢/oz
"(4 pack) OREO Mega Stuf Chocolate Sandwich Cookies, Family Size, 17.6 oz",Cookies,19.88,$19.88,28.2 ¢/oz
"Freshness Guaranteed Carrot Cake Sandwich Cookies with Cream Cheese Icing, 12 Count, Shelf Stable",Cookies,5.76,$5.76,38.4 ¢/oz
"(3 pack) OREO Lemon Creme Sandwich Cookies, Family Size, 18.71 oz",Cookies,14.91,$14.91,$1.83/oz
"Freshness Guaranteed Sugar Sandwich Cookie with Butter Cream Icing, Shelf Stable, 12 Count",Cookies,5.76,$5.76,38.4 ¢/oz
"Pepperidge Farm Milano Dark Chocolate Cookies, 6 oz Bag (15 Cookies)",Cookies,4.07,$4.07,67.8 ¢/oz
"OREO Thins Chocolate Sandwich Cookies, Family Size, 11.78 oz",Cookies,4.97,$4.97,42.2 ¢/oz
"Marinela Sponch Coconut and Strawberry Marshmallow Cookies, 6 Count, Cookies, 3.17 oz Bag",Cookies,1.72,$1.72,54.3 ¢/oz
"(3 pack) OREO Chocolate Creme Chocolate Sandwich Cookies, Family Size, 18.71 oz",Cookies,14.91,$14.91,26.6 ¢/oz
"(3 pack) CHIPS AHOY! Original Chocolate Chip Cookies, Party Size, 25.3 oz",Cookies,17.94,$17.94,23.6 ¢/oz
OREO APPLE PIE COOKIES 10.68 OZ,Cookies,4.88,$4.88,45.7 ¢/oz
"(3 pack) OREO Chocolate Sandwich Cookies, 13.29 oz",Cookies,11.88,$11.88,29.8 ¢/oz
"Simple Mills Chocolate Chip Crunchy Cookies, 5.5 oz.",Cookies,4.93,$4.93,89.6 ¢/oz
"King Krumb Valentine's Red Velvet And Strawberry Shortcake Cookies, 2 Count, Ready To Eat",Cookies,6.47,$6.47,58.8 ¢/oz
"Bauducco Maria Cookies, 6oz",Cookies,1.28,$1.28,21.3 ¢/oz
"Marketside Thin & Crispy Oatmeal Raisin Baked Cookies, 6 oz, 8 Count",Cookies,5.47,$5.47,91.2 ¢/oz
"OREO Thins Mint Creme Chocolate Sandwich Cookies, 9.21 oz",Cookies,3.97,$3.97,43.1 ¢/oz
"(3 pack) OREO Dark Chocolate Creme Chocolate Sandwich Cookies, Family Size, 17 oz",Cookies,14.91,$14.91,29.2 ¢/oz
"Nabisco Variety Pack, Barnum's Animal Crackers, Teddy Grahams & CHIPS AHOY! Cookies, 20 Snack Packs",Snack Crackers,9.86,$9.86,49.3 ¢/oz
"CHIPS AHOY! Mini Chocolate Chip Backed Cookies, 3.5 oz",Cookies,1.94,$1.94,55.4 ¢/oz
"OREO Thins Tiramisu Creme Chocolate Sandwich Cookies, Family Size, 11.78 oz",Cookies,4.97,$4.97,42.2 ¢/oz
"OREO Mega Stuf Chocolate Sandwich Cookies, Party Size, 1 lb 9.35 oz",Cookies,5.98,$5.98,23.5 ¢/oz
"(3 pack) Newtons Soft & Fruit Chewy Fig Cookies, (Fig Bars), 10 oz",Cookies,12.54,$12.54,41.8 ¢/oz
"Goodie Girl Cookies Gluten Free Baked Fudge Striped Cookies, Shelf-Stable, 7 oz",Cookies,4.98,$4.98,71.1 ¢/oz
"(3 pack) Keebler Fudge Stripes, Original Shortbread Cookies Coated in Keebler Fudge, Family Size 17.3 oz",Cookies,14.04,$14.04,27.1 ¢/oz
"(2 pack) Simple Mills Chocolate Chip Crunchy Cookies, 5.5 oz.",Cookies,9.86,$9.86,89.6 ¢/oz
"Kinnikinnick, Vanilla Wafer, 6.3 oz Box, Gluten Free, Allergy Friendly Cookies",Cookies,3.86,$3.86,61.3 ¢/oz
"OREO Minis Chocolate Sandwich Cookies, 3.5 oz Snack Cup",Cookies,1.94,$1.94,55.4 ¢/oz
"Handi-Snacks OREO Cookie Sticks 'N Creme Dip Snack Packs, 20 Snack Packs",Snack Boxes,12.48,$12.48,62.4 ¢/oz
"belVita Breakfast Bar Biscuit Sandwiches Cinnamon Brown Sugar with Vanilla Creme, 5 Packs",Cookies,3.97,$3.97,45.1 ¢/oz
"Glico Pocky Biscuit Sticks, Cookies & Cream, 1.41 Oz",Cookies,1.52,$1.52,$1.09/oz
"(3 pack) CHIPS AHOY! Chewy Red Velvet Cookies, 9.6 oz",Cookies,11.61,$11.61,40.3 ¢/oz
"(3 pack) Great Value Chewy Chocolate Chip Cookies, 19.5 oz",Cookies,10.41,$10.41,17.8 ¢/oz
"(4 pack) Marinela Sponch Coconut and Strawberry Marshmallow Cookies, 6 Count, Cookies, 3.17 oz Bag",Cookies,6.88,$6.88,54.3 ¢/oz
"(3 pack) CHIPS AHOY! Chewy Chocolate Chip Cookies with Reese's Peanut Butter Cups, Family Size, 14.25 oz",Cookies,14.91,$14.91,34.9 ¢/oz
"(3 pack) CHIPS AHOY! Original Crunchy Gluten Free Chocolate Chip Cookies, 9.31 oz",Cookies,14.91,$14.91,53.4 ¢/oz
"Freshness Guaranteed Drizzle Trees Christmas Cookies, Baked, 10 Count",Cookies,4.48,$4.48,50.9 ¢/oz
"Cybeles Free to Eat, Gluten-Free & Vegan, Soft-Baked, Chocolate Chip Cookies, 6oz, 12 Count",Cookies,4.27,$4.27,71.2 ¢/oz
NABISCO BELVITA BLUEBERRY CRUNCHY COOKIES 10 OZ,Cookies,5.97,$5.97,59.7 ¢/oz
"belVita Breakfast Bars Biscuits, Blueberry, 5 Packs (4 Biscuits Per Pack)",Cookies,3.97,$3.97,45.1 ¢/oz
"(3 pack) NILLA Wafers Cookies, Vanilla Wafers, 11 oz",Cookies,14.46,$14.46,43.8 ¢/oz
"(3 pack) CHIPS AHOY! Chunky Fudgy Chocolate Chip Cookies, Party Size, 24.75 oz",Cookies,17.94,$17.94,24.1 ¢/oz
"OREO Gluten Free Chocolate Sandwich Cookies, Gluten Free Cookies, 12.08 oz",Cookies,4.97,$4.97,41.1 ¢/oz
"(3 pack) OREO Fudge Covered Chocolate Sandwich Cookies, 7.9 oz",Cookies,12.51,$12.51,52.8 ¢/oz
"(3 pack) Lorna Doone Shortbread Cookies, 10 Snack Packs (4 Cookies Per Pack)",Cookies,17.22,$17.22,57.4 ¢/oz
"(3 pack) NUTTER BUTTER Peanut Butter Wafer Cookies, 10.5 oz",Cookies,16.44,$16.44,52.2 ¢/oz
"(3 pack) Gamesa Florentinas Mini Tart Strawberry Naturally and Artificially Flavored, 2.81 oz 4 Count (22 cookies)",Cookies,11.94,$11.94,35.9 ¢/oz
"(4 pack) Marinela Barritas Fresa Filled Cookies, 2 Packs, Strawberry Cookie Bars, 3.88 oz Bag",Cookies,6.88,$6.88,44.3 ¢/oz
"(2 pack) La Molienda Grajeas Cookies, Mexican Cookies with Colorful Candy Bits, 16 oz",Cookies,8.24,$8.24,25.8 ¢/oz
"(3 pack) CHIPS AHOY! Thins Original Thin and Crispy Fudgy Chocolate Chip Cookies, 7 oz",Cookies,14.91,$14.91,71.0 ¢/oz
"Little Debbie Big Pack Nuddy Buddy Wafer Bars, 24.1 oz (24 count)",Cookies,5.48,$5.48,21.7 ¢/oz
"OREO Double Stuf Gluten Free Chocolate Sandwich Cookies, Gluten Free Cookies, 12.47 oz Packs",Cookies,4.97,$4.97,39.9 ¢/oz
"(3 pack) NUTTER BUTTER Double Nutty Peanut Butter Sandwich Cookies, Family Size, 15.27 oz",Cookies,16.44,$16.44,35.9 ¢/oz
"(3 pack) CHIPS AHOY! Chunky Fudgy Chocolate Chip Cookies, 11.75 oz",Cookies,11.61,$11.61,32.8 ¢/oz
"(3 pack) CHIPS AHOY! Reeses Peanut Butter Cup Chocolate Chip Cookies, Family Size, 14.25 oz",Cookies,14.91,$14.91,34.8 ¢/oz
"Atkins Soft and Chewy Chocolate Chip Protein Cookie, Keto Friendly, High Protein, Low Carb, 4 Count",Cookies,6.78,$6.78,$1.23/oz
"(3 pack) OREO Birthday Cake Creme Chocolate Sandwich Cookies, Family Size, 17 oz",Cookies,14.91,$14.91,29.2 ¢/oz
"Pirouline Chocolate Hazelnut Creme Filled Rolled Wafers - 14.1oz Tin, 32 Cookies",Cookies,5.97,$5.97,42.3 ¢/oz
"(3 pack) OREO Peanut Butter Creme Chocolate Sandwich Cookies, Family Size, 17 oz",Cookies,14.91,$14.91,29.2 ¢/oz
"OREO Gluten Free Golden Sandwich Cookies, Gluten Free Cookies, 12.08 oz",Cookies,4.97,$4.97,41.1 ¢/oz
"Schar Gluten Free Honeygrams, Honey Cookies, 5.6 oz, 3 Count",Cookies,4.18,$4.18,74.6 ¢/oz
"(2 pack) Pirouline Chocolate Hazelnut Creme Filled Rolled Wafers - 14.1oz Tin, 32 Cookies",Cookies,11.94,$11.94,42.3 ¢/oz
"Bonjour Bakery Soft-Baked Chocolate Chunk Sea Salt Cookies, 8 oz",Cookies,5.12,$5.12,64.0 ¢/oz
"Great Value Gluten-Free Vanilla Crme Sandwich Cookies - Delicious Snack, 10.5 oz",Cookies,3.83,$3.83,36.5 ¢/oz
"(6 pack) CHIPS AHOY! Original Chocolate Chip Cookies, Party Size, 25.3 oz",Cookies,35.88,$35.88,23.6 ¢/oz
"(3 pack) Pinwheels Pure Chocolate & Marshmallow Cookies, 12 oz",Cookies,20.34,$20.34,56.5 ¢/oz
"(3 pack) OREO Mega Stuf Chocolate Sandwich Cookies, Family Size, 17.6 oz",Cookies,14.91,$14.91,28.2 ¢/oz
"(3 pack) CHIPS AHOY! Chewy Chocolate Chip Cookies, Party Size, 26 oz",Cookies,17.94,$17.94,23.0 ¢/oz
"belVita Breakfast Bars Biscuits, Cinnamon Brown Sugar, 5 Packs (4 Biscuits Per Pack)",Cookies,3.97,$3.97,45.1 ¢/oz
"belVita Breakfast Bars Biscuits, Blueberry, Value Pack, 12 Packs (4 Biscuits Per Pack)",Cookies,8.48,$8.48,40.2 ¢/oz
RP Foods Orejita Palmier Baked Cookies,Cookies,3.97,$3.97,32.1 ¢/oz
(3 pack) VOORTMAN Bakery Zero Sugar Vanilla Wafer Cookies 9 oz,Cookies,11.49,$11.49,42.6 ¢/oz
"(3 pack) OREO Gluten Free Golden Sandwich Cookies, Gluten Free Cookies, 12.08 oz",Cookies,14.91,$14.91,41.1 ¢/oz
"Great Value Brown Sugar & Cinnamon Breakfast Biscuits, 8.8 oz",Cookies,3.57,$3.57,40.6 ¢/oz
"belVita Breakfast Bar Biscuit Sandwiches Dark Chocolate Creme, 5 Packs",Cookies,3.97,$3.97,45.1 ¢/oz
"(6 pack) El Mexicano Marias Cookies, 6 oz",Cookies,4.56,$4.56,12.7 ¢/oz
"(3 pack) NILLA Wafers Mini Cookies, Vanilla Wafers, 11 oz",Cookies,14.46,$14.46,43.8 ¢/oz
"(3 pack) OREO Gluten Free Chocolate Sandwich Cookies, Gluten Free Cookies, 12.08 oz",Cookies,14.91,$14.91,41.1 ¢/oz
"belVita Breakfast Bars Biscuits, Cranberry Orange, 5 Packs (4 Biscuits Per Pack)",Cookies,3.97,$3.97,45.1 ¢/oz
"(3 pack) Ginger Snaps Cookies, Ginger Cookies, 16 oz",Cookies,19.38,$19.38,40.4 ¢/oz
"(2 pack) Glico Pocky Biscuit Sticks, Cookies & Cream, 1.41 Oz",Cookies,3.04,$3.04,$1.09/oz
"(6 pack) belVita Breakfast Bars Biscuits, Blueberry, Value Pack, 12 Packs (4 Biscuits Per Pack)",Cookies,50.88,$50.88,40.2 ¢/oz
"Bonjour Bakery Soft-Baked Double Chocolate Cookies, 8 oz",Cookies,5.12,$5.12,64.0 ¢/oz
"(3 pack) OREO Double Stuf Gluten Free Chocolate Sandwich Cookies, Gluten Free Cookies, 12.47 oz Packs",Cookies,14.91,$14.91,39.9 ¢/oz
"(3 pack) Simple Mills Chocolate Chip Crunchy Cookies, 5.5 oz.",Cookies,14.79,$14.79,89.6 ¢/oz
"(4 pack) OREO Double Stuf Gluten Free Chocolate Sandwich Cookies, Gluten Free Cookies, 12.47 oz Packs",Cookies,19.88,$19.88,39.9 ¢/oz
"(3 pack) belVita Breakfast Bars Biscuits, Cinnamon Brown Sugar, Value Pack, 12 Packs",Cookies,25.44,$25.44,40.2 ¢/oz
"(3 pack) OREO Thins Tiramisu Creme Chocolate Sandwich Cookies, Family Size, 11.78 oz",Cookies,14.91,$14.91,42.2 ¢/oz
"(4 pack) Newtons Soft & Fruit Chewy Fig Cookies, (Fig Bars), 10 oz",Cookies,16.72,$16.72,41.8 ¢/oz
"(3 pack) Great Value Gluten-Free Chocolate Creme Sandwich Cookies, Shelf Stable, 10.5 oz, 24 Per Pack",Cookies,11.49,$11.49,36.5 ¢/oz
"(3 pack) Tate's Bake Shop Gluten Free Chocolate Chip Cookies, Gluten Free Cookies, 7 oz",Cookies,15.66,$15.66,74.6 ¢/oz
"(2 pack) OREO Thins Chocolate Sandwich Cookies, 9.21 oz",Cookies,7.94,$7.94,43.1 ¢/oz
"(3 pack) RP Foods Orejita Palmier Baked Cookies, 12.35 oz",Cookies,11.91,$11.91,32.1 ¢/oz
"(3 pack) Quest Frosted Protein Cookie, Strawberry Cake Flavored, 8 Count",Protein Supplements,26.64,$26.64,$1.26/oz
"(3 pack) Great Value Mini Bear Honey Graham Cookies, 1 oz, 10 Snack Packs",Cookies,12.99,$12.99,43.3 ¢/oz
"(2 pack) OREO Minis Chocolate Sandwich Cookies, 3.5 oz Snack Cup",Cookies,3.88,$3.88,55.4 ¢/oz
"(3 pack) Tate's Bake Shop Chocolate Chip Cookies, 7 oz",Cookies,15.66,$15.66,74.6 ¢/oz
"(2 pack) CHIPS AHOY! Mini Chocolate Chip Backed Cookies, 3.5 oz",Cookies,3.88,$3.88,55.4 ¢/oz
But'r Baking Co. Heart Drizzle Sugar Cookies- 18 Count,Cookies,7.47,$7.47,39.1 ¢/oz
"(2 pack) OREO Thins Mint Creme Chocolate Sandwich Cookies, 9.21 oz",Cookies,7.94,$7.94,43.1 ¢/oz
"(3 pack) Cybeles Free to Eat, Gluten-Free & Vegan, Soft-Baked, Chocolate Chip Cookies, 6oz, 12 Count",Cookies,12.81,$12.81,71.2 ¢/oz
"belVita Breakfast Bars Biscuits, Cinnamon Brown Sugar, Value Pack, 12 Packs",Cookies,8.48,$8.48,40.2 ¢/oz
"Keebler Sweet Treat Variety Pack, 30-Count Box, Includes Chips Deluxe, Funables, Fudge Stripes, and Mother's Circus Animal Cookies, 29 oz",Snack Boxes,12.72,$12.72,43.9 ¢/oz
"(6 pack) NILLA Wafers Cookies, Vanilla Wafers, 11 oz",Cookies,28.92,$28.92,43.8 ¢/oz
"(3 pack) Annie's Gluten Free Cocoa and Vanilla Bunny Cookies, 6.75 oz",Cookies,13.44,$13.44,65.9 ¢/oz
"Great Value Iced Oatmeal Cookie Whole Grain Baked Bars, 1.27 oz, 6 Count",Snack Bars,4.82,$4.82,63.4 ¢/oz
"Great Value Blueberry Breakfast Biscuits, 8.8 oz, 5 Count",Cookies,3.57,$3.57,40.6 ¢/oz
"OREO Double Stuf Valentine's Day Chocolate Sandwich Cookies, Valentine Exchange Cookies, 30 ct",Cookies,12.97,$12.97,42.4 ¢/oz
NABISCO BELVITA FRUIT BAKES BLUEBERRY COOKIES 7.05 OZ,Cookies,3.98,$3.98,56.5 ¢/oz
"belVita Soft Baked Breakfast Bars, Banana Bread, 5 Packs (1 Biscuit Per Pack)",Cookies,3.97,$3.97,45.1 ¢/oz
"(6 pack) CHIPS AHOY! Chewy Chocolate Chip Cookies, Party Size, 26 oz",Cookies,35.88,$35.88,23.0 ¢/oz
"(4 pack) Kinnikinnick, Vanilla Wafer, 6.3 oz Box, Gluten Free, Allergy Friendly Cookies",Cookies,15.44,$15.44,61.3 ¢/oz
"(3 pack) belVita Breakfast Bars Biscuits, Cranberry Orange, 5 Packs (4 Biscuits Per Pack)",Cookies,11.91,$11.91,45.1 ¢/oz
"(4 pack) Great Value Mini Alphabet Cookies, 1 oz, 10 Snack Packs",Cookies,17.32,$17.32,43.3 ¢/oz
"(3 pack) Schar Gluten Free Honeygrams, Honey Cookies, 5.6 oz, 3 Count",Snack Crackers,12.54,$12.54,74.6 ¢/oz
"(3 pack) belVita Breakfast Bars Biscuits, Blueberry, 5 Packs (4 Biscuits Per Pack)",Cookies,11.91,$11.91,45.1 ¢/oz
"(3 pack) belVita Breakfast Bars Biscuits, Golden Oat, Value Pack, 12 Packs (4 Biscuits Per Pack)",Cookies,25.44,$25.44,40.2 ¢/oz
"(4 pack) OREO Double Stuf Golden Sandwich Cookies, Family Size, 18.71 oz",Cookies,19.88,$19.88,26.6 ¢/oz
"(3 pack) Tate's Bake Shop Walnut Chocolate Chip Cookies, 7 oz",Cookies,15.66,$15.66,74.6 ¢/oz
"belVita Breakfast Bars Biscuits, Golden Oat, Value Pack, 12 Packs (4 Biscuits Per Pack)",Cookies,8.48,$8.48,40.2 ¢/oz
"(3 pack) Great Value Iced Oatmeal Cookie Whole Grain Baked Bars, 1.27 oz, 6 Count",Snack Bars,14.46,$14.46,63.4 ¢/oz
"(3 pack) belVita Breakfast Bars Biscuits, Cinnamon Brown Sugar, 5 Packs (4 Biscuits Per Pack)",Cookies,11.91,$11.91,45.1 ¢/oz
"Quest Protein Bar, Cookies & Cream, 21g Protein, Gluten Free, 4 Count",Cookies,9.47,$9.47,$1.11/oz
"(3 pack) Atkins Soft and Chewy Chocolate Chip Protein Cookie, Keto Friendly, High Protein, Low Carb, 4 Count",Cookies,20.34,$20.34,$1.23/oz
"(2 pack) Quest Soft & Chewy Protein Cookie, High Protein, Chocolate Chip, 4 Count",Cookies,17.76,$17.76,$1.07/oz
"(3 pack) belVita Breakfast Bars Biscuits, Blueberry, Value Pack, 12 Packs (4 Biscuits Per Pack)",Cookies,25.44,$25.44,40.2 ¢/oz
"M&M's Vanilla Ice Cream Frozen Snack Cookie Sandwiches, 16 fl oz, 4 Pack",Cookies,4.87,$4.87,30.4 ¢/fl oz
"belVita Breakfast Bars Biscuits, Pumpkin Spice, 5 Packs (4 Biscuits Per Pack)",Cookies,3.97,$3.97,45.1 ¢/oz
"(3 pack) belVita Breakfast Bars Biscuits, Pumpkin Spice, 5 Packs (4 Biscuits Per Pack)",Cookies,11.91,$11.91,45.1 ¢/oz
"(3 pack) belVita Breakfast Bar Biscuit Sandwiches Dark Chocolate Creme, 5 Packs",Cookies,11.91,$11.91,45.1 ¢/oz
"(6 pack) Great Value Gluten-Free Vanilla Crme Sandwich Cookies - Delicious Snack, 10.5 oz",Cookies,22.98,$22.98,36.5 ¢/oz
"belVita Soft Baked Breakfast Bars, Oats & Chocolate, 5 Packs (1 Biscuit Per Pack)",Cookies,3.97,$3.97,45.1 ¢/oz
"Glico Pocky Biscuit Sticks, Strawberry, 1.41 Oz",Cookies,1.52,$1.52,$1.09/oz
"(6 pack) Quest Frosted Protein Cookies, Low Carb, Gluten-Free, Birthday Cake, 8 Count",Cookies,55.92,$55.92,$1.31/oz
Party Cookie Cake,Cakes,15.98,$15.98,
"(6 pack) Quest Soft & Chewy Protein Cookie, High Protein, Chocolate Chip, 4 Count",Cookies,56.82,$56.82,$1.14/oz
Hooray Cookie Cake,Cakes,15.98,$15.98,
Voortman 10.6 oz Vanilla Wafer,Cookies,3.26,$3.26,30.8 ¢/oz
Floral Cookie Cake,Cakes,15.98,$15.98,
"(6 pack) Glico Pocky Biscuit Sticks, Strawberry, 1.41 Oz",Cookies,9.12,$9.12,$1.09/oz
Blue Yellow Cookie Cake,Cakes,15.98,$15.98,
"belVita Soft Baked Breakfast Bars, Cinnamon Oat, 5 Packs (1 Biscuit Per Pack)",Cookies,3.97,$3.97,45.1 ¢/oz
"(3 pack) belVita Soft Baked Breakfast Bars, Banana Bread, 5 Packs (1 Biscuit Per Pack)",Cookies,11.91,$11.91,45.1 ¢/oz
"(6 pack) Glico Pocky Chocolate Covered Biscuit Sticks, 1.41 oz.",Cookies,6.48,$6.48,77.1 ¢/oz
"Two-bite Oreo Brownies, 10.5 oz, 10 Count, Baked, Moist, Fudgy Dessert",Cookies,4.84,$4.84,46.1 ¢/oz
"M&M's Peanut Butter Ice Cream Sugar Cookie Sandwiches, 14 fl oz, 4 Pack",Cookies,4.87,$4.87,34.8 ¢/fl oz
Kemps IttiBitz Cookies N Cream 1.4 oz / 6 Pak,"Ice Cream, Sorbet & Frozen Yogurt",5.48,$5.48,65.2 ¢/fl oz
"(2 pack) Little Debbie Nutty Buddy Wafer Bar, 12 oz (12 count)",Cookies,5.94,$5.94,24.8 ¢/oz
But'r Baking Co. Single Sleeve To: From: DDC Cookies in PDQ Display,Cookies,1,$1.00,60.6 ¢/oz
(3 pack) Voortman 10.6 oz Vanilla Wafer,Cookies,9.78,$9.78,30.8 ¢/oz
"(4 pack) Honey Stinger Organic Gluten-Free Energy Waffle Snack, Cookies & Cream, 1.06 oz, 6 Count",Cookies,32.52,$32.52,$1.28/oz
"Glutino Gluten Free Lemon Flavored Wafers, 7.1 oz.",Cookies,4.72,$4.72,66.5 ¢/oz
"Peter DeBeukelear Creme De Pirouline Rolled Wafers, French Vanilla, 14 Oz Tins, Pack of 6",Cookies,5.98,$5.98,7.1 ¢/oz
Little Debbie North Pole Nutty Buddy,Cookies,2.97,$2.97,40.1 ¢/oz
"Nabisco Classic Mix Variety Pack, OREO, CHIPS AHOY!, Nutter Butter, RITZ Bits Cheese, 20 Snack Packs",Snack Boxes,9.86,$9.86,49.3 ¢/oz
"HALLS Throat Soothing (Previously HALLS Breezers) Creamy Strawberry Throat Drops, 25 Drops",Over-the-Counter Medicines,2.48,$2.48,9.9 ¢/count
"Ricola Honey Lemon with Echinacea Cough Drops for Sore Throat and Cough Relief, 19 Count",Over-the-Counter Medicines,2.92,$2.92,15.4 ¢/count
"Mucinex Instasoothe Sore Throat Lozenges, Elderberry & Cherry Flavor, 40 Count, Medicated Throat Drops, FSA/HSA Eligible",Over-the-Counter Medicines,4.98,$4.98,12.5 ¢/count
"Equate Sore Throat and Cough Relief Menthol Cough Drops, Honey Lemon Flavor, 30 Count, Compare to HALLS Honey Lemon Active Ingredient",Over-the-Counter Medicines,1.28,$1.28,4.3 ¢/count
"HALLS Cough and Throat Relief Cherry Cough Drops, Value Pack, 80 Drops",Over-the-Counter Medicines,4.58,$4.58,5.7 ¢/count
"HALLS Relief Honey Lemon Cough Drops, Economy Pack, 80 Drops",Over-the-Counter Medicines,4.13,$4.13,5.2 ¢/count
"Equate Sore Throat and Cough Relief Menthol Cough Drops, Honey Lemon Flavor, 160 Count",Over-the-Counter Medicines,4.48,$4.48,2.8 ¢/count
"Equate Sugar Free Sore Throat and Cough Relief Menthol Cough Drops, Menthol Flavor, 70 Count, Compare to HALLS Mountian Menthol Active Ingredient",Over-the-Counter Medicines,2.48,$2.48,3.5 ¢/count
"HALLS Cough and Throat Relief Mentho-Lyptus Cough Drops, 30 Drops",Over-the-Counter Medicines,2.48,$2.48,8.3 ¢/count
"Luden's Sore Throat Drops, For Minor Sore Throat Relief, Wild Cherry, 90 Count",Over-the-Counter Medicines,4.47,$4.47,5.0 ¢/count
"HALLS Throat Soothing Honey Vanilla Cough Drops, 30 Drops",Over-the-Counter Medicines,2.48,$2.48,8.3 ¢/count
"HALLS Cough and Throat Relief Mentho-Lyptus Cough Drops, Value Pack, 80 Drops",Over-the-Counter Medicines,4.58,$4.58,5.7 ¢/count
"HALLS Throat Soothing (Previously HALLS Breezers) Cool Berry Throat Drops, 25 Drops",Over-the-Counter Medicines,2.48,$2.48,9.9 ¢/count
"HALLS Cough and Throat Relief Cherry Cough Drops, 30 Drops",Over-the-Counter Medicines,2.48,$2.48,8.3 ¢/count
"Ricola Original Herb Soothing Cough Drops for Sore Throat and Cough Relief, Value Pack, 45 Count",Over-the-Counter Medicines,5.48,$5.48,12.2 ¢/count
"Vicks Vapocool Severe Medicated Sore Throat Drops, Menthol, Winterfrost Flavor, 45 Ct",Over-the-Counter Medicines,4.47,$4.47,9.9 ¢/count
"Equate Sore Throat and Cough Relief Menthol Cough Drops, Cherry Flavor, 30 Count, Compare to the Active Ingredient in HALLS",Over-the-Counter Medicines,1.28,$1.28,4.3 ¢/count
"Ricola Honey Herb Cough Drops for Sore Throat and Cough Relief, Value Pack, 45 Count",Over-the-Counter Medicines,5.48,$5.48,12.2 ¢/count
"HALLS Cough and Throat Relief Honey Lemon Cough Drops, 30 Drops",Over-the-Counter Medicines,2.48,$2.48,8.3 ¢/count
"(2 pack) HALLS Cough and Throat Relief Cherry Cough Drops, Value Pack, 80 Drops",Over-the-Counter Medicines,9.16,$9.16,5.7 ¢/count
"Equate Sore Throat and Cough Relief Menthol Cough Drops, Cherry Flavor, 160 Count, Compare to the Active Ingredient in HALLS",Over-the-Counter Medicines,4.48,$4.48,2.8 ¢/count
"Ricola Max Throat Care Honey Lemon Cough Drops for Sore Throat + Cough Relief, Value Pack, 34 Count",Over-the-Counter Medicines,5.48,$5.48,16.1 ¢/count
"Equate Sugar Free Sore Throat and Cough Relief Menthol Cough Drops, Honey Lemon Flavor, 140 Count, Compare to the Active Ingredient in HALLS",Over-the-Counter Medicines,4.48,$4.48,3.2 ¢/count
"HALLS Throat Soothing Honey Cough Drops, 30 Drops",Over-the-Counter Medicines,2.48,$2.48,8.3 ¢/count
"Ricola Original Herb Soothing Cough Drops for Sore Throat and Cough Relief, 21 Count",Over-the-Counter Medicines,2.92,$2.92,13.9 ¢/count
"Ricola Berry Medley Throat Drops for Everyday Soothing Sore Throat Care, Value Pack, 45 Count",Over-the-Counter Medicines,5.48,$5.48,12.2 ¢/count
"Ricola Cherry Throat Drops | Delicious Throat Refreshment & Oral Anesthetic, 19 Count",Over-the-Counter Medicines,2.92,$2.92,15.4 ¢/count
"Cepacol Extra Strength Sore Throat & Cough Lozenges, Powerful Symptom Relief, Quiet Cough, Oral Pain Reliever, Mixed Berry Flavor, 16 Lozenges",Over-the-Counter Medicines,3.73,$3.73,23.3 ¢/count
"HALLS Relief Honey Lemon Sugar Free Cough Drops, Economy Pack, 70 Drops",Over-the-Counter Medicines,4.58,$4.58,6.5 ¢/count
"Ricola Sugar Free Lemon Mint Throat Drops for Everyday Soothing Throat Care, Value Pack, 45 Count",Over-the-Counter Medicines,4.98,$4.98,11.1 ¢/count
"Ricola Sugar Free Lemon Mint Throat Drops for Everyday Soothing Sore Throat Care, 19 Count",Over-the-Counter Medicines,2.78,$2.78,14.6 ¢/count
"HALLS Relief Strawberry Cough Drops, Economy Pack, 80 Drops",Over-the-Counter Medicines,4.82,$4.82,6.0 ¢/count
"HALLS Relief Honey Lemon Sugar Free Cough Drops, 25 Drops",Over-the-Counter Medicines,2.48,$2.48,9.9 ¢/count
"Equate Gluten-Free Menthol Cough Drops, Menthol Flavor, 30 Count, Compare to HALLS MenthoLyptus Active Ingredient",Over-the-Counter Medicines,1.28,$1.28,4.3 ¢/count
"Ricola Max Throat Care Swiss Cherry Cough Drops for Sore Throat + Cough Relief, Value Pack, 34 Count",Over-the-Counter Medicines,5.48,$5.48,16.1 ¢/count
"HALLS Relief Mountain Menthol Sugar Free Cough Drops, Economy Pack, 70 Drops",Over-the-Counter Medicines,4.58,$4.58,6.5 ¢/count
"Fishermans Friend Cough Suppressant & Sore Throat Lozenges, Original Extra Strong, Menthol, 38Count",Over-the-Counter Medicines,3.67,$3.67,9.7 ¢/count
"Vicks VapoDrops Cough Drops/Throat Lozenges for Cough and Sore Throat Relief, Cherry, 50ct",Over-the-Counter Medicines,4.47,$4.47,8.9 ¢/count
"Mucinex Instasoothe Sore Throat Lozenges, Honey & Echinacea Flavor, FSA Eligible, 40 Count",Over-the-Counter Medicines,5.48,$5.48,13.7 ¢/count
"(2 pack) HALLS Throat Soothing (Previously HALLS Breezers) Creamy Strawberry Throat Drops, 25 Drops",Over-the-Counter Medicines,4.96,$4.96,9.9 ¢/count
"Chloraseptic Max Strength Sore Throat Lozenges, Wild Berries Flavor Throat Remedy, 15 Count",Over-the-Counter Medicines,3.74,$3.74,24.9 ¢/count
"Ricola Caramel Throat Balm Throat Drops, Soothing Throat Relief, 34 ct",Over-the-Counter Medicines,5.48,$5.48,16.1 ¢/count
"Equate Severe Medicated Menthol Throat Drops, Menthol Ice Flavor, 45 Count, Compare to VICKS VapoCOOL SEVERE THROAT DROPS Active Ingredient",Over-the-Counter Medicines,2.98,$2.98,6.6 ¢/count
"Fisherman's Friend Menthol Cough Suppressant/Oral Anesthetic, Sugar Free Honey-Lemon, 40 Count",Over-the-Counter Medicines,3.67,$3.67,9.2 ¢/count
Broncolin Honey Lemon Candy Drops 22 Count Bag,Over-the-Counter Medicines,1.08,$1.08,4.9 ¢/count
"Chloraseptic Total Sore Throat + Cough Lozenges, Sugar-Free Wild Cherry Flavor, 15 CT",Over-the-Counter Medicines,3.74,$3.74,24.9 ¢/count
"(2 pack) HALLS Throat Soothing Honey Cough Drops, 30 Drops",Over-the-Counter Medicines,4.96,$4.96,8.3 ¢/count
"Luden's Sore Throat Drops, for Minor Sore Throat Relief, Sugar Free Wild Cherry Throat Remedy, 75 Ct",Over-the-Counter Medicines,4.47,$4.47,6.0 ¢/count
"Vicks VapoCOOL SEVERE Cough Drop Alternative for Sore Throat Pain, Sugar Free Winterfrost, 30ct",Over-the-Counter Medicines,4.47,$4.47,14.9 ¢/count
"(2 pack) Equate Sore Throat and Cough Relief Menthol Cough Drops, Honey Lemon Flavor, 160 Count",Over-the-Counter Medicines,8.96,$8.96,2.8 ¢/count
"Vicks VapoCool Severe Medicated Sore Throat Drops, Menthol, Honey Lemon, 45ct",Over-the-Counter Medicines,4.47,$4.47,9.9 ¢/count
"(2 pack) Luden's Sore Throat Drops, for Minor Sore Throat Relief, Sugar Free Wild Cherry Throat Remedy, 75 Ct",Over-the-Counter Medicines,8.94,$8.94,6.0 ¢/count
"(2 pack) Equate Sugar Free Sore Throat and Cough Relief Menthol Cough Drops, Honey Lemon Flavor, 140 Count, Compare to the Active Ingredient in HALLS",Over-the-Counter Medicines,8.96,$8.96,3.2 ¢/count
"(2 pack) HALLS Cough and Throat Relief Mentho-Lyptus Cough Drops, Value Pack, 80 Drops",Over-the-Counter Medicines,9.16,$9.16,5.7 ¢/count
"(2 pack) Vicks Vapocool Severe Medicated Sore Throat Drops, Menthol, Winterfrost Flavor, 45 Ct",Over-the-Counter Medicines,8.94,$8.94,9.9 ¢/count
"(3 pack) Vicks VapoCool Severe Medicated Sore Throat Drops, Menthol, Honey Lemon, 45ct",Over-the-Counter Medicines,13.41,$13.41,9.9 ¢/count
"(4 pack) HALLS Cough and Throat Relief Cherry Cough Drops, 30 Drops",Over-the-Counter Medicines,9.92,$9.92,8.3 ¢/count
"(2 pack) HALLS Cough and Throat Relief Mentho-Lyptus Cough Drops, 30 Drops",Over-the-Counter Medicines,4.96,$4.96,8.3 ¢/count
"(2 pack) HALLS Relief Honey Lemon Sugar Free Cough Drops, 25 Drops",Over-the-Counter Medicines,4.96,$4.96,9.9 ¢/count
"(2 pack) HALLS Cough and Throat Relief Honey Lemon Cough Drops, 30 Drops",Over-the-Counter Medicines,4.96,$4.96,8.3 ¢/count
"(2 pack) HALLS Relief Strawberry Cough Drops, Economy Pack, 80 Drops",Over-the-Counter Medicines,9.64,$9.64,6.0 ¢/count
"(3 pack) Luden's Sore Throat Drops, For Minor Sore Throat Relief, Wild Cherry, 90 Count",Over-the-Counter Medicines,13.41,$13.41,5.0 ¢/count
"(2 pack) Ricola Original Herb Soothing Cough Drops for Sore Throat and Cough Relief, Value Pack, 45 Count",Over-the-Counter Medicines,10.96,$10.96,12.2 ¢/count
"(2 pack) Ricola Max Throat Care Swiss Cherry Cough Drops for Sore Throat + Cough Relief, Value Pack, 34 Count",Over-the-Counter Medicines,10.96,$10.96,16.1 ¢/count
"Equate Vitamin C Immune Support Vitamin C Supplement Drops, Assorted Citrus Flavor, 80 Count, Compare to HALLS Defense",Vitamin Supplements,2.48,$2.48,3.1 ¢/count
"(2 pack) Ricola Max Throat Care Honey Lemon Cough Drops for Sore Throat + Cough Relief, Value Pack, 34 Count",Over-the-Counter Medicines,10.96,$10.96,16.1 ¢/count
"(3 pack) HALLS Throat Soothing (Previously HALLS Breezers) Creamy Strawberry Throat Drops, 25 Drops",Over-the-Counter Medicines,7.44,$7.44,9.9 ¢/count
"(2 pack) HALLS Relief Honey Lemon Cough Drops, Economy Pack, 80 Drops",Over-the-Counter Medicines,8.26,$8.26,5.2 ¢/count
Oilogic Baby Stuffy Nose & Cough Essential Oil Vapor Drops,Aromatherapy & Essential Oils,5.97,$5.97,$21.32/fl oz
"(3 pack) Ricola Caramel Throat Balm Throat Drops, Soothing Throat Relief, 34 ct",Over-the-Counter Medicines,16.44,$16.44,16.1 ¢/count
"(4 pack) Equate Gluten-Free Menthol Cough Drops, Menthol Flavor, 30 Count, Compare to HALLS MenthoLyptus Active Ingredient",Over-the-Counter Medicines,5.12,$5.12,4.3 ¢/count
"(2 pack) HALLS Throat Soothing Honey Vanilla Cough Drops, 30 Drops",Over-the-Counter Medicines,4.96,$4.96,8.3 ¢/count
"(4 pack) Ricola Cherry Throat Drops | Delicious Throat Refreshment & Oral Anesthetic, 19 Count",Over-the-Counter Medicines,11.68,$11.68,15.4 ¢/count
Beekeeper's Naturals Kids Green Apple Throat Soothing Lollipops with Propolis and Vitamin D,Over-the-Counter Medicines,5.96,$5.96,$2.72/oz
"Mucinex Children's Cough Medicine & Expectorant for Kids, OTC Relief, Orange Crme Flavor Mini-Melts, 12 ct",Over-the-Counter Medicines,9.97,$9.97,83.1 ¢/count
"(9 pack) Equate Severe Medicated Menthol Throat Drops, Menthol Ice Flavor, 45 Count, Compare to VICKS VapoCOOL SEVERE THROAT DROPS Active Ingredient",Over-the-Counter Medicines,26.82,$26.82,6.6 ¢/count
"(3 pack) Chloraseptic Max Strength Sore Throat Lozenges, Wild Berries Flavor Throat Remedy, 15 Count",Over-the-Counter Medicines,11.22,$11.22,24.9 ¢/count
"Lolleez Organic Throat Soothing Lollipops for Kids, Variety Pack, 10 Count",Over-the-Counter Medicines,4.97,$4.97,49.7 ¢/count
"Flanax Cough Relief Lozenges, 20 Count",Over-the-Counter Medicines,2.28,$2.28,11.4 ¢/count
"(3 pack) Ricola Sugar Free Lemon Mint Throat Drops for Everyday Soothing Sore Throat Care, 19 Count",Over-the-Counter Medicines,8.34,$8.34,14.6 ¢/count
"(3 pack) HALLS Throat Soothing (Previously HALLS Breezers) Cool Berry Throat Drops, 25 Drops",Over-the-Counter Medicines,7.44,$7.44,9.9 ¢/count
"(3 pack) Flanax Cough Relief Lozenges, 20 Count",Over-the-Counter Medicines,6.51,$6.51,10.9 ¢/count
"(9 pack) Vicks VapoCOOL SEVERE Cough Drop Alternative for Sore Throat Pain, Sugar Free Winterfrost, 30ct",Over-the-Counter Medicines,40.23,$40.23,14.9 ¢/count
"Lolleez Throat Soothing Lollipops for Kids, Birthday Cake, 10 Count",Over-the-Counter Medicines,4.97,$4.97,$1.99/oz
"ACT Dry Mouth Moisturizing Lozenges, Soothing Mint, 36 ct.",Breath Fresheners,5.43,$5.43,15.1 ¢/count
"Lolleez Organic Mixed Berry Throat Soothing Lollipops for Kids, 10 Count",Over-the-Counter Medicines,4.97,$4.97,49.7 ¢/count
"Vicks VapoCool Sore Throat Spray, Benzocaine & Menthol, Over-the-Counter Medicine, Winterfrost, 6 fl oz",Over-the-Counter Medicines,9.96,$9.96,$1.66/fl oz
"ACT Dry Mouth Moisturizing Lozenges With Xylitol, Honey-Lemon, 36 ct.",Breath Fresheners,6.82,$6.82,18.9 ¢/count
"Broncolin Honey Syrup with Natural Plant Extracts, Cough Relief Supplement, 11.4 oz Bottle",Over-the-Counter Medicines,8.27,$8.27,72.5 ¢/oz
"Zicam Cold Remedy Nasal Spray Menthol & Eucalyptus, Homeopathic Zinc-Free, Pre-Cold Medicine, 0.5 oz",Over-the-Counter Medicines,11.53,$11.53,$23.06/fl oz
"Parent's Choice Baby Cough Syrup, Grape Flavor, Drug-Free, Alcohol-Free, 2 fl oz",Over-the-Counter Medicines,5.23,$5.23,$2.62/fl oz
"Tukol Max Action Severe Nasal Congestion & Cough Liquid Cold Medicine, 6 fl oz",Over-the-Counter Medicines,8.64,$8.64,$1.44/fl oz
"Equate Sugar-Free Xylitol and Sucralose Dry Mouth Relief Lozenges, Peppermint Flavor, 2.5 oz (36 Count)",Over-the-Counter Medicines,5.38,$5.38,14.9 ¢/count
Broncolin Honey Syrup with Propolis Dietary Supplement Cough Syrup 11.4 oz,Over-the-Counter Medicines,8.38,$8.38,73.5 ¢/oz
"The Ginger People Ginger Rescue Soft Lozenges for Nausea and Upset Stomach, 3 oz",Over-the-Counter Medicines,6.97,$6.97,23.2 ¢/count
"Afrin Original Nasal Spray, 12 Hour Congestion Relief 15 mL",Over-the-Counter Medicines,8.22,$8.22,$16.44/fl oz
"Mommy's Bliss Organic Baby Bedtime Drops, Melatonin-Free, Restful Sleep & Immunity, 2 fl oz",Over-the-Counter Medicines,9.97,$9.97,$4.99/oz
"UpSpring Stomach Settle Nausea Relief Drops, Lemon Ginger Honey Flavor, 28 Count",Over-the-Counter Medicines,9.97,$9.97,35.6 ¢/count
"Afrin No Drip Severe Congestion Pump Mist Nasal Spray, 12 Hour Congestion Relief, 15 mL, 2 Count",Over-the-Counter Medicines,18.12,$18.12,$18.12/fl oz
"Equate Medicated Vaporizing Steam Liquid for Vaporizers, Sinus & Allergy Relief, 8 fl oz, Compare to Vicks VapoSteam Active Ingredient",Over-the-Counter Medicines,7.98,$7.98,99.8 ¢/fl oz
"Eosera EAR PAIN MD Max Strength Lidocaine, Pain Relieving Drops, 0.42 fl oz",Over-the-Counter Medicines,21.18,$21.18,$50.43/oz
"(3 pack) Equate Medicated Vaporizing Steam Liquid for Vaporizers, Sinus & Allergy Relief, 8 fl oz, Compare to Vicks VapoSteam Active Ingredient",Over-the-Counter Medicines,23.94,$23.94,99.8 ¢/fl oz
"Motrin Infants' Liquid Medicine Drops with Ibuprofen, Berry, 1 fl. oz",Over-the-Counter Medicines,9.78,$9.78,$9.78/fl oz
"Afrin No Drip Severe Congestion Pump Mist Nasal Spray, 12 Hour Congestion Relief, 15 mL",Over-the-Counter Medicines,10.42,$10.42,$20.84/fl oz
"ARM & HAMMER Simply Saline Daily Care Drug-Free Mist for Nasal Congestion Relief, 3.1 oz",Over-the-Counter Medicines,6.17,$6.17,$1.99/oz
"(3 pack) Infants' Motrin Berry Flavored Concentrated Drops, Fever Reducer, Ibuprofen, 0.5 oz",Over-the-Counter Medicines,22.38,$22.38,$14.92/fl oz
Zarbee's Baby Immune Support Syrup with Zinc and Organic Agave 2 fl. oz for Infants and Toddlers,Dietary Supplements,8.48,$8.48,$4.24/fl oz
"(4 pack) UpSpring Stomach Settle Nausea Relief Drops, Lemon Ginger Honey Flavor, 28 Count",Over-the-Counter Medicines,39.88,$39.88,35.6 ¢/count
"Little Remedies Saline Spray and Drops, Safe for Newborns, Gently Wash Away Mucus from Cold, 1 fl oz",Over-the-Counter Medicines,3.82,$3.82,$3.82/fl oz
"(2 pack) Infants' Motrin Liquid Ibuprofen Berry Drops, 1 fl. oz",Over-the-Counter Medicines,21.52,$21.52,$10.76/fl oz
"(3 pack) Afrin No Drip Severe Congestion Pump Mist Nasal Spray, 12 Hour Congestion Relief, 15 mL",Over-the-Counter Medicines,31.26,$31.26,$20.84/fl oz
Afrin No Drip Original 12 Hour Nasal Decongestant Pump Mist - 15 ml,Over-the-Counter Medicines,10.42,$10.42,$20.84/fl oz
"Equate No Drip Severe Congestion Nasal Mist Oxymetazoline HCl 0.05% Decongestant, 12 Hour Relief, 1 fl oz, Compare to Afrin",Over-the-Counter Medicines,5.37,$5.37,$5.37/fl oz
"Infants' Motrin Liquid Ibuprofen Berry Drops, 1 fl. oz",Over-the-Counter Medicines,9.78,$9.78,$9.78/fl oz
"(3 pack) Equate Infants' Dye-Free Ibuprofen Oral Suspension Concentrated Drops, 50 mg, Berry Flavor, Ages 6 Mos to 23 Mos, 1 fl oz, Compare to Concentrated Motrin Infants' Drops Active Ingredient",Over-the-Counter Medicines,20.16,$20.16,$6.72/fl oz
"(3 pack) ARM & HAMMER Simply Saline Daily Care Drug-Free Mist for Nasal Congestion Relief, 3.1 oz",Over-the-Counter Medicines,18.51,$18.51,$1.99/oz
"(3 pack) Parent's Choice Ibuprofen Infants' Drops Pain Reliever and Fever Reducer, Dye Free, 1 fl oz",Over-the-Counter Medicines,22.44,$22.44,$7.48/fl oz
"(2 pack) Little Remedies Gas Relief Drops, Natural Berry Flavor, Safe for Newborns, Children's Health 1 fl oz",Over-the-Counter Medicines,16.24,$16.24,59.7 ¢/fl oz
"(3 pack) Little Remedies Saline Spray and Drops, Safe for Newborns, Gently Wash Away Mucus from Cold, 1 fl oz",Over-the-Counter Medicines,12.36,$12.36,$4.12/fl oz
"Equate Nasal Four Nasal Spray 1% Phenylephrine Hydrochloride  Fast-Acting Nasal Decongestant, 1 Fl oz",Over-the-Counter Medicines,3.64,$3.64,$3.64/fl oz
"Little Remedies Gas Relief Drops, Natural Berry Flavor, Safe for Newborns, Children's Health 1 fl oz",Over-the-Counter Medicines,7.66,$7.66,56.3 ¢/fl oz
"(2 pack) Equate No Drip Severe Congestion Nasal Mist Oxymetazoline HCl 0.05% Decongestant, 12 Hour Relief, 1 fl oz, Compare to Afrin",Over-the-Counter Medicines,10.74,$10.74,$5.37/fl oz
"(3 pack) Afrin Original Nasal Spray, 12 Hour Congestion Relief 15 mL",Over-the-Counter Medicines,24.66,$24.66,$16.44/fl oz
"(2 pack) <b>No Drip Nasal Spray, Oxymetazoline HCl, Pump Mist, 12 Hour Nasal Decongestant</b>, 1 Ounce",Over-the-Counter Medicines,6.77,$6.77,$3.39/fl oz
"Little Remedies Sterile Saline Nasal Mist for Noses, Breathe Easy, Safe for Newborns, 3 oz",Over-the-Counter Medicines,4.47,$4.47,$1.49/oz
"Neo-Synephrine Nasal Spray Extra Strength, Phenylephrine Nasal Spray, 0.5 oz",Over-the-Counter Medicines,5.24,$5.24,$10.48/fl oz
"Parent's Choice Ibuprofen Infants' Drops Pain Reliever and Fever Reducer, Dye Free, 1 fl oz",Over-the-Counter Medicines,7.48,$7.48,$7.48/fl oz
"Equate Infants' Dye-Free Ibuprofen Oral Suspension Concentrated Drops, 50 mg, Berry Flavor, Ages 6 Mos to 23 Mos, 1 fl oz, Compare to Concentrated Motrin Infants' Drops Active Ingredient",Over-the-Counter Medicines,6.72,$6.72,$6.72/fl oz
"(3 pack) Little Remedies Sterile Saline Nasal Mist for Noses, Breathe Easy, Safe for Newborns, 3 oz",Over-the-Counter Medicines,14.04,$14.04,$1.56/oz
"Equate Infants' Saline Spray/Drops, Non Medicated, All Ages, 1 fl oz, Compare to Little Remedies Ingredients",Over-the-Counter Medicines,2.96,$2.96,$2.96/fl oz
"(3 pack) Equate Infants' Saline Spray/Drops, Non Medicated, All Ages, 1 fl oz, Compare to Little Remedies Ingredients",Over-the-Counter Medicines,8.88,$8.88,$2.96/fl oz
"(3 pack) Mommy's Bliss Organic Baby Bedtime Drops, Melatonin-Free, Restful Sleep & Immunity, 2 fl oz",Dietary Supplements,31.41,$31.41,$5.24/oz
AFRIN ORIGINAL 12hr Nasal Spray 60ml (2x30ml),Over-the-Counter Medicines,21.97,$21.97,$21.97/fl oz
"Vicks Formula 44 DM Honey Flavor Cough & Congestion Liquid, 12 fl oz",Over-the-Counter Medicines,11.97,$11.97,99.8 ¢/fl oz
"Great Value Baked Buttery Round Crackers, 13.7 oz",Snack Crackers,2.48,$2.48,18.1 ¢/oz
"Great Value Saltine Crackers, 16 oz, 4 Count",Snack Crackers,1.84,$1.84,11.5 ¢/oz
"Club Snack Stacks Original Crackers, Lunch Snacks, 6 Count",Snack Crackers,3.74,$3.74,29.9 ¢/oz
"Toasteds Variety Pack Crackers, Party Snacks, 12 oz",Snack Crackers,4.97,$4.97,41.4 ¢/oz
"Premium Original Saltine Crackers, Lunch Snacks, 16 oz",Snack Crackers,3.68,$3.68,23.0 ¢/oz
"Great Value Buttery Smooth Club Crackers, 13.7 oz",Snack Crackers,3.22,$3.22,23.5 ¢/oz
"RITZ Fresh Stacks Original Crackers, Travel Snacks, 11.8 oz (8 Multi Snack Packs)",Snack Crackers,3.97,$3.97,33.6 ¢/oz
"Club Original Crackers, Lunch Snacks, 13.7 oz",Snack Crackers,3.74,$3.74,27.3 ¢/oz
"RITZ Original Crackers, Snacks for Kids and Adults, Lunch Snacks, 13.7 oz",Snack Crackers,3.97,$3.97,29.0 ¢/oz
"Town House Pita Sea Salt Oven Baked Crackers, Lunch Snacks, 9.5 oz",Snack Crackers,3.97,$3.97,41.8 ¢/oz
"Wheat Thins Original Snacks, Whole Grain Wheat Crackers, Snack Crackers, 8.5 oz",Snack Crackers,3.97,$3.97,46.7 ¢/oz
"Town House Original Oven Baked Crackers, Party Snacks, 13.8 oz",Snack Crackers,3.97,$3.97,28.8 ¢/oz
"RITZ Fresh Stacks Original Crackers, Travel Snacks, Family Size, 17.8 oz (12 Multi Snack Packs)",Snack Crackers,5.23,$5.23,29.4 ¢/oz
"Premium Fresh Stacks Original Saltine Crackers, Travel Snacks, 13.6 oz (8 Multi Snack Packs)",Snack Crackers,3.88,$3.88,28.5 ¢/oz
"Club Snack Stacks Original Crackers, Lunch Snacks, 9 Count",Snack Crackers,5.47,$5.47,29.1 ¢/oz
"(2 pack) Get'ems from Gerber Maple Flavor Snack Crackers, Kids Snack Made with Real Veggies & Fruits, Iron & Vitamin E",Snack Crackers,5.94,$5.94,59.4 ¢/oz
"Wheat Thins Original Snacks, Whole Grain Wheat Crackers, Snack Crackers, Family Size, 14 oz",Snack Crackers,5.24,$5.24,37.4 ¢/oz
"Town House FlipSides Original Oven Baked Crackers, Lunch Snacks, 9.2 oz",Snack Crackers,3.97,$3.97,43.2 ¢/oz
"CHICKEN IN A BISKIT Original Baked Snack Crackers, Lunch Snacks, Family Size, 12 oz",Snack Crackers,5.24,$5.24,43.7 ¢/oz
"Great Value Honey Graham Crackers, 14.4 oz, 8 Count",Snack Crackers,2.08,$2.08,14.4 ¢/oz
"Great Value Soup & Oyster Crackers, 9 oz",Snack Crackers,1.47,$1.47,16.3 ¢/oz
"Town House Original Oven Baked Crackers, Lunch Snacks, 20.7 oz",Snack Crackers,5.97,$5.97,28.8 ¢/oz
"Blue Diamond Almonds Nut-Thins, Hint of Sea Salt, Snack Crackers, Gluten-Free, 4.25oz",Snack Crackers,3.97,$3.97,93.4 ¢/oz
"Lance Sandwich Crackers, Captain's Wafers Cream Cheese and Chives, 10 Packs, 6 Sandwiches Each",Snack Crackers,4.32,$4.32,31.5 ¢/oz
"CHICKEN IN A BISKIT Original Baked Snack Crackers, Lunch Snacks, 7.5 oz",Snack Crackers,3.77,$3.77,50.3 ¢/oz
"Lance Sandwich Crackers, Variety Pack, 3 Flavors, 10 Individually Wrapped Packs, 6 Sandwiches Each",Snack Crackers,4.32,$4.32,31.1 ¢/oz
"Milton's Gourmet Crackers - Original Multi-Grain, 8.4oz, Cardboard Box",Snack Crackers,3.07,$3.07,36.5 ¢/oz
"Premium Original Mini Saltine Crackers, Lunch Snacks, 11 oz",Snack Crackers,3.68,$3.68,33.5 ¢/oz
"HONEY MAID Graham Crackers, Lunch Snacks, 14.4 oz",Snack Crackers,4.68,$4.68,32.5 ¢/oz
"Keebler Export Sodas Original Soda Crackers, Soup Crackers, 28 oz",Snack Crackers,6.97,$6.97,24.9 ¢/oz
"Flavor Originals Sociables Baked Savory Crackers, Party Snacks, 7.5 oz",Snack Crackers,3.97,$3.97,52.9 ¢/oz
"Great Value Multi-Grain Crackers, 12.7 oz",Snack Crackers,3.22,$3.22,25.4 ¢/oz
"Cheez-It Original Cheese Crackers, Baked Snack Crackers, 21 oz",Snack Crackers,5.97,$5.97,28.4 ¢/oz
"Lance Sandwich Crackers, ToastChee Peanut Butter, 10 Individual Packs, 6 Sandwiches Each",Snack Crackers,4.32,$4.32,28.6 ¢/oz
"Triscuit Original Whole Grain Wheat Crackers, Vegan Crackers, Healthy Snacks, Lunch Snacks, 8.5 oz",Snack Crackers,3.97,$3.97,46.7 ¢/oz
"Cheez-It Original Cheese Crackers, Baked Snack Crackers, 12.4 oz",Snack Crackers,3.97,$3.97,32.0 ¢/oz
"Austin Peanut Butter on Cheese Sandwich Crackers, Single Serve Snack Crackers, 20 Count",Snack Crackers,7.28,$7.28,26.4 ¢/oz
"Lance Sandwich Crackers, Captain's Wafers, Variety Pack, 10 Individual Packs, 6 Sandwiches Each",Snack Crackers,4.32,$4.32,31.5 ¢/oz
"(3 pack) Triscuit Original Whole Grain Wheat Crackers, Vegan Crackers, Healthy Snacks, Family Size, 12.5 oz",Snack Crackers,15.72,$15.72,41.9 ¢/oz
"Great Value Unsalted Tops Saltine Crackers, 16 oz",Snack Crackers,1.84,$1.84,11.5 ¢/oz
"HONEY MAID Fresh Stacks Graham Crackers, Travel Snacks, 12.2 oz (6 Multi Snack Packs)",Snack Crackers,4.68,$4.68,38.4 ¢/oz
"Wheat Thins Reduced Fat Snacks, Whole Grain Wheat Crackers, Snack Crackers, Family Size, 12.5 oz",Snack Crackers,5.24,$5.24,41.9 ¢/oz
"Triscuit Original Whole Grain Wheat Crackers, Vegan Crackers, Healthy Snacks, Family Size, 12.5 oz",Snack Crackers,5.24,$5.24,41.9 ¢/oz
"Wheat Thins Sundried Tomato & Basil Snacks, Whole Grain Wheat Crackers, Family Size, 13 oz",Snack Crackers,5.24,$5.24,40.3 ¢/oz
"Triscuit Thin Crisps Original Whole Grain Wheat Crackers, Vegan Snacks, Snack Crackers, 7.1 oz",Snack Crackers,3.97,$3.97,55.9 ¢/oz
"GOOD THINS Simply Salt Rice Snacks Gluten Free Crackers, Snack Crackers, 3.5 oz",Snack Crackers,3.77,$3.77,$1.08/oz
"Toasteds Flatbreads Sea Salt and Olive Oil Crackers, Party Snacks, 8.7 oz",Snack Crackers,3.77,$3.77,43.3 ¢/oz
"Better Cheddars Baked Snack Cheese Crackers, 6.5 oz",Snack Crackers,3.97,$3.97,61.1 ¢/oz
"Great Value Whole Wheat Buttery Rounds Baked Crackers, 12.9 oz",Snack Crackers,2.48,$2.48,19.2 ¢/oz
"Crunchmaster Original Multi-Seed Crisps Gluten-Free Crackers, 4.5 oz. Foil Bag in Carboard Box",Snack Crackers,3.37,$3.37,74.9 ¢/oz
"RITZ Original Crackers, Snacks for Kids and Adults, Lunch Snacks, Party Size, 27.4 oz",Snack Crackers,5.98,$5.98,21.8 ¢/oz
"Club Minis Original Crackers, Lunch Snacks, 11 oz",Snack Crackers,3.74,$3.74,34.0 ¢/oz
"Great Value Chick'n Bites Baked Snack Crackers, 7.5 oz",Snack Crackers,2.86,$2.86,38.1 ¢/oz
"GOOD THINS Sea Salt Corn Snacks Gluten Free Crackers, Snack Crackers, 3.5 oz",Snack Crackers,3.77,$3.77,$1.08/oz
"RITZ Garlic Butter Crackers, Snacks for Kids and Adults, Lunch Snacks, 13.7 oz",Snack Crackers,3.97,$3.97,29.0 ¢/oz
"Premium Original Saltine Crackers, Lunch Snacks, 8 oz",Snack Crackers,2.98,$2.98,37.3 ¢/oz
"Triscuit Roasted Garlic Whole Grain Wheat Crackers, Lunch Snacks, Snack Crackers, 8.5 oz",Snack Crackers,3.97,$3.97,46.7 ¢/oz
"Lance Sandwich Crackers, Toasty Peanut Butter, 10 Individually Wrapped Packs, 6 Sandwiches Each",Snack Crackers,4.32,$4.32,33.8 ¢/oz
"Blue Diamond Almonds, Gluten Free Almond Flavored Nut-Thins Snack Crackers,  4.25 oz. Box",Snack Crackers,3.97,$3.97,93.4 ¢/oz
"Austin Peanut Butter On Toasty Sandwich Crackers, Lunch Snacks, 20 Count",Snack Crackers,7.28,$7.28,26.4 ¢/oz
"Austin Cheddar Cheese on Cheese Sandwich Crackers, Single Serve Snack Crackers, 20 Count",Snack Crackers,7.28,$7.28,26.4 ¢/oz
"GOOD THINS Garden Veggie Rice Snacks Gluten Free Crackers, Snack Crackers, 3.5 oz",Snack Crackers,3.77,$3.77,$1.08/oz
"RITZ Roasted Vegetable Crackers, Snacks for Kids and Adults, Lunch Snacks, 13.3 oz",Snack Crackers,3.97,$3.97,29.8 ¢/oz
"Triscuit Cracked Pepper & Olive Oil Whole Grain Wheat Crackers, Snack Crackers, 8.5 oz",Snack Crackers,3.97,$3.97,46.7 ¢/oz
"RITZ Cheese Sandwich Crackers, Lunch Snacks, 8 Snack Packs (6 Crackers Per Pack)",Snack Crackers,3.96,$3.96,36.7 ¢/oz
"Stauffer's Whales Baked Cheddar Cheese Crackers , 16 Oz",Snack Crackers,3.97,$3.97,24.8 ¢/oz
"Triscuit Hint of Sea Salt Whole Grain Wheat Crackers, Vegan Crackers, Vegan Snacks, 8.5 oz",Snack Crackers,3.97,$3.97,46.7 ¢/oz
"Great Value Cinnamon Graham Crackers, 14.4 oz, 3 Count",Snack Crackers,2.08,$2.08,14.4 ¢/oz
"Premium Original Soup & Oyster Crackers, Lunch Snacks, 9 oz",Snack Crackers,3.68,$3.68,40.9 ¢/oz
"Great Value Whole Grain Saltine Crackers, 16 oz, 4 Count",Snack Crackers,1.84,$1.84,11.5 ¢/oz
Great Value 12.4 OZ Cheese Crackers,Snack Crackers,2.57,$2.57,20.7 ¢/oz
"Goldfish Cheddar Crackers, 6.6 oz Bag",Snack Crackers,2.64,$2.64,40.0 ¢/oz
"HONEY MAID Graham Crackers, Lunch Snacks, Party Size, 28.8 oz",Snack Crackers,6.94,$6.94,24.1 ¢/oz
"Goldfish Flavor Blasted Crackers, Xtra Cheddar Snack Packs, 12 Count Multipack",Snack Crackers,7.12,$7.12,65.9 ¢/oz
"Triscuit Cracked Pepper & Olive Oil Whole Grain Wheat Crackers, Snack Crackers, Family Size, 12.5 oz",Snack Crackers,5.24,$5.24,41.9 ¢/oz
"Triscuit Rosemary & Olive Oil Whole Grain Wheat Crackers, Lunch Snacks, Snack Crackers, 8.5 oz",Snack Crackers,3.97,$3.97,46.7 ¢/oz
"Cheez-It White Cheddar Cheese Crackers, Baked Snack Crackers, 21 oz",Snack Crackers,5.97,$5.97,28.4 ¢/oz
"Schar Gluten Free Table Crackers, Paper Packet, 7.4 Ounce (1.2oz Packs per Case)",Snack Crackers,5.74,$5.74,77.6 ¢/oz
"RITZ Original Crackers, Snacks for Kids and Adults, Lunch Snacks, Family Size, 20.5 oz",Snack Crackers,5.23,$5.23,25.5 ¢/oz
"Wheat Thins Original Whole Grain Wheat Crackers, Party Size, 20 oz Box",Snack Crackers,6.42,$6.42,32.1 ¢/oz
"Triscuit Garden Herb Whole Grain Wheat Crackers, Lunch Snacks, Snack Crackers, 8.5 oz",Snack Crackers,3.97,$3.97,46.7 ¢/oz
"Triscuit Rosemary & Olive Oil Whole Grain Wheat Crackers, Snack Crackers, Family Size, 12.5 oz",Snack Crackers,5.24,$5.24,41.9 ¢/oz
"HONEY MAID Cinnamon Graham Crackers, Lunch Snacks, 14.4 oz",Snack Crackers,4.68,$4.68,32.5 ¢/oz
"Lance Sandwich Crackers, ToastChee Cheddar, 10 Individually Wrapped Packs, 6 Sandwiches Each",Snack Crackers,4.32,$4.32,30.6 ¢/oz
"Great Value Baked Cheddar Cheese Penguin Crackers, 19 oz, Kosher Dairy (OU), Allergens Not Contained - Peanuts",Snack Crackers,3.76,$3.76,19.8 ¢/oz
"GOOD THINS Parmesan & Garlic Rice & Cheese Snacks Gluten Free Crackers, Snack Crackers, 3.5 oz",Snack Crackers,3.77,$3.77,$1.08/oz
"Wheat Thins Reduced Fat Snacks, Whole Grain Wheat Crackers, Snack Crackers, 8 oz",Snack Crackers,3.97,$3.97,49.6 ¢/oz
"RITZ Bits Peanut Butter Sandwich Crackers, Snacks for Kids and Adults, Lunch Snacks, 8.8 oz",Snack Crackers,3.97,$3.97,45.1 ¢/oz
"Kellogg's Cinnamon Baked Graham Cracker Sticks, Lunch Snacks, 11 oz",Snack Crackers,3.46,$3.46,31.5 ¢/oz
"Rustic Bakery Organic Rosemary and Olive Oil Sourdough Flatbread Bites Crackers, 4oz",Snack Crackers,3.96,$3.96,99.0 ¢/oz
"Stauffer's Original Animal Snack Crackers, 32 oz Party Size Pillow Bag, Low Fat Snack for Kids & Adults",Snack Crackers,5.44,$5.44,17.0 ¢/oz
"Toasteds Flatbreads Italian Herb Crackers, Party Snacks, 8.7 oz",Snack Crackers,3.77,$3.77,43.3 ¢/oz
"RITZ Crackers Variety Pack with Original, Everything, and Garlic Butter Crackers, 10.3 oz",Snack Crackers,3.97,$3.97,38.5 ¢/oz
"Triscuit Roasted Garlic Whole Grain Wheat Crackers, Snack Crackers, Family Size, 12.5 oz",Snack Crackers,5.24,$5.24,41.9 ¢/oz
"RITZ Peanut Butter Sandwich Crackers, Lunch Snacks, 8 Snack Packs (6 Crackers Per Pack)",Snack Crackers,3.96,$3.96,35.9 ¢/oz
"(3 pack) Keebler Export Sodas Original Soda Crackers, Soup Crackers, 28 oz",Snack Crackers,20.91,$20.91,24.9 ¢/oz
"(4 pack) Triscuit Thin Crisps Original Whole Grain Wheat Crackers, Vegan Snacks, Snack Crackers, 7.1 oz",Snack Crackers,15.88,$15.88,55.9 ¢/oz
"ParmCrisps Four Cheese Oven-Baked Parm Crisp Cheese Crackers, 1.75 oz",Snack Crackers,2.98,$2.98,$1.70/oz
"RITZ Fresh Stacks Original Crackers, Party Size, Travel Snacks, 23.7 oz (16 Multi Snack Packs)",Snack Crackers,5.98,$5.98,25.2 ¢/oz
"Stauffer's Original Animal Crackers, 24 oz Resealable Family Size Bear Jug, Low Fat Snack for Kids & Adults",Snack Crackers,6.74,$6.74,28.1 ¢/oz
"RITZ Bits Cheese Sandwich Crackers, Snacks for Kids and Adults, Lunch Snacks, 8.8 oz",Snack Crackers,3.97,$3.97,45.1 ¢/oz
"Goldfish Flavor Blasted Xtra Cheddar Cheese Crackers, 6.6 oz Bag",Snack Crackers,2.64,$2.64,40.0 ¢/oz
"Wheat Thins Hint of Salt Low Sodium Snacks, Whole Grain Wheat Crackers, Snack Crackers, 8.5 oz",Snack Crackers,3.97,$3.97,46.7 ¢/oz
"(3 pack) Triscuit Original Whole Grain Wheat Crackers, Vegan Crackers, Healthy Snacks, Lunch Snacks, 8.5 oz",Snack Crackers,11.91,$11.91,46.7 ¢/oz
"Triscuit Smoked Gouda Whole Grain Wheat Crackers, Lunch Snacks, Snack Crackers, 8.5 oz",Snack Crackers,3.97,$3.97,46.7 ¢/oz
"Cheez-It Grooves Sharp White Cheddar Crunchy Cheese Crackers, Snack Crackers, 17 oz",Snack Crackers,5.97,$5.97,35.1 ¢/oz
"(3 pack) RITZ Peanut Butter Sandwich Crackers, Lunch Snacks, 8 Snack Packs (6 Crackers Per Pack)",Snack Crackers,11.88,$11.88,35.9 ¢/oz
"Triscuit Fire Roasted Tomato & Olive Oil Whole Grain Wheat Crackers, Snack Crackers, 8.5 oz",Snack Crackers,3.97,$3.97,46.7 ¢/oz
GREAT VALUE 12.4 OZ WHITE CHEDDAR CHEESE CRACKERS,Snack Crackers,2.57,$2.57,20.7 ¢/oz
"Wasa Multi Grain Crispbread, Multigrain Crackers, Non-GMO Ingredients, Fat Free, 9.7 oz",Snack Crackers,3.73,$3.73,38.5 ¢/oz
"Triscuit Original Whole Grain Wheat Crackers, Vegan Crackers, Healthy Snacks, Party Size, 17 oz",Snack Crackers,5.84,$5.84,34.4 ¢/oz
"CHICKEN IN A BISKIT Ranch Baked Snack Crackers, Lunch Snacks, Family Size, 12 oz",Snack Crackers,5.24,$5.24,43.7 ¢/oz
"Triscuit Avocado, Cilantro & Lime Whole Grain Wheat Crackers, Lunch Snacks, Snack Crackers, 8.5 oz",Snack Crackers,3.97,$3.97,46.7 ¢/oz
"Sargento Cheese Bakes Aged White Cheddar & Rosemary Crackers, Cheese Crackers, Lunch Snacks, 4.5 oz",Snack Crackers,4.48,$4.48,99.6 ¢/oz
"Sargento Cheese Bakes Parmesan and Oregano Crackers, Cheese Crackers, Lunch Snacks, 4.5 oz",Snack Crackers,4.48,$4.48,99.6 ¢/oz
"Cheez-It DUOZ Sharp Cheddar and Parmesan Baked Snack Crackers, Lunch Snacks, 12.4 oz",Snack Crackers,3.97,$3.97,32.0 ¢/oz
GREAT VALUE 21 OZ CHEESE CRACKERS,Snack Crackers,4.26,$4.26,20.3 ¢/oz
"Schar Gluten Free Entertainment Crackers with Sea Salt, Paper Packet, 6.2 oz",Snack Crackers,4.38,$4.38,70.6 ¢/oz
"Town House Game Day Original Crackers, Party Snacks, 11 oz",Snack Crackers,3.92,$3.92,35.6 ¢/oz
"Cheez-It Extra Cheesy Cheese Crackers, Baked Snack Crackers, 12.4 oz",Snack Crackers,3.97,$3.97,32.0 ¢/oz
"RITZ Hint of Salt Crackers, Snacks for Kids and Adults, Lunch Snacks, 13.7 oz",Snack Crackers,3.97,$3.97,29.0 ¢/oz
"Cheez-It Variety Pack Cheese Crackers, Baked Snack Crackers, 20 Count",Snack Crackers,9.96,$9.96,52.1 ¢/oz
"Milton's Gluten Free Crackers - Crispy Sea Salt, 4.5oz, Plastic Bag",Snack Crackers,3.58,$3.58,79.6 ¢/oz
"Triscuit Thin Crisps Sour Cream & Onion Whole Grain Wheat Crackers, Lunch Snacks, 7.1 oz",Snack Crackers,3.97,$3.97,55.9 ¢/oz
"RITZ Whole Wheat Crackers, Snacks for Kids and Adults, Lunch Snacks, 12.9 oz",Snack Crackers,3.97,$3.97,30.8 ¢/oz
"RITZ Fresh Stacks Whole Wheat Crackers, Travel Snacks, 11.6 oz (8 Multi Snack Packs)",Snack Crackers,3.97,$3.97,34.2 ¢/oz
"Goldfish Cheddar Cheese Crackers, Snack Packs, 1 oz, 12 Count Multi-Pack Tray",Snack Crackers,7.12,$7.12,59.3 ¢/oz
"Sargento Cheese Bakes Pepper Jack Crackers, Cheese Crackers, Lunch Snacks, 4.5 oz",Snack Crackers,4.48,$4.48,99.6 ¢/oz
"(3 pack) RITZ Original Crackers, Snacks for Kids and Adults, Lunch Snacks, Party Size, 27.4 oz",Snack Crackers,17.94,$17.94,21.8 ¢/oz
"Club Reduced Fat Crackers, Lunch Snacks, 11.7 oz",Snack Crackers,3.74,$3.74,32.0 ¢/oz
"Cheez-It Extra Toasty Cheese Crackers, Baked Snack Crackers, 21 oz",Snack Crackers,5.97,$5.97,28.4 ¢/oz
"Handi-Snacks RITZ Crackers 'N Cheesy Dip Snack Packs, 10 Snack Packs",Snack Crackers,6.98,$6.98,73.5 ¢/oz
"Goldfish Cheddar Cheese Crackers, 27.3 oz Carton",Snack Crackers,9.97,$9.97,36.5 ¢/oz
"Triscuit Reduced Fat Whole Grain Wheat Crackers, Vegan Snack Crackers, Family Size, 11.5 oz",Snack Crackers,5.24,$5.24,45.6 ¢/oz
"Cheez-It Grooves Sharp White Cheddar Crunchy Cheese Crackers, Snack Crackers, 9 oz",Snack Crackers,3.97,$3.97,44.1 ¢/oz
"(3 pack) Triscuit Cracked Pepper & Olive Oil Whole Grain Wheat Crackers, Snack Crackers, 8.5 oz",Snack Crackers,11.91,$11.91,46.7 ¢/oz
"Cheez-It White Cheddar Cheese Crackers, Baked Snack Crackers, 12.4 oz",Snack Crackers,3.97,$3.97,32.0 ¢/oz
"(4 pack) RITZ Bits Cheese Sandwich Crackers, Snacks for Kids and Adults, Lunch Snacks, 8.8 oz",Snack Crackers,15.88,$15.88,45.1 ¢/oz
"Cheez-It Cheddar Jack Cheese Crackers, Baked Snack Crackers, 12.4 oz",Snack Crackers,3.97,$3.97,32.0 ¢/oz
"Goldfish Crackers, Flavor Blasted Xtra Cheddar Crackers, Family Size, 10 oz Bag",Snack Crackers,3.52,$3.52,35.2 ¢/oz
"Quest Cheese Crackers, Cheddar Blast flavor, 10g of Protein, Made with Real Cheese, 4 Count",Snack Crackers,7.48,$7.48,$1.78/oz
"(3 pack) Triscuit Fire Roasted Tomato & Olive Oil Whole Grain Wheat Crackers, Snack Crackers, 8.5 oz",Snack Crackers,11.91,$11.91,46.7 ¢/oz
"Gripz Variety Pack Mini Baked Snack Crackers, Sweet and Salty Snacks, 10 Count",Snack Crackers,5.97,$5.97,66.3 ¢/oz
"Cheez-It Hot and Spicy Cheese Crackers, Baked Snack Crackers, 12.4 oz",Snack Crackers,3.97,$3.97,32.0 ¢/oz
"(2 pack) Wasa Multi Grain Crispbread, Multigrain Crackers, Non-GMO Ingredients, Fat Free, 9.7 oz",Snack Crackers,7.46,$7.46,38.5 ¢/oz
"Cheez-It Original Baked Snack Crackers, Lunch Snacks, 10 Count",Snack Crackers,5.97,$5.97,59.7 ¢/oz
"Cheez-It Grooves Zesty Cheddar Ranch Cheese Crackers, Crunchy Snack Crackers, 9 oz",Snack Crackers,3.97,$3.97,44.1 ¢/oz
"RITZ Peanut Butter Sandwich Crackers, Lunch Snacks, 20 Snack Packs (6 Crackers Per Pack)",Snack Crackers,8.47,$8.47,30.7 ¢/oz
"RITZ Cheese Sandwich Crackers, Lunch Snacks, 20 Snack Packs (6 Crackers Per Pack)",Snack Crackers,8.47,$8.47,31.4 ¢/oz
"Cheez-It Extra Big Cheese Crackers, Baked Snack Crackers, 11.7 oz",Snack Crackers,3.97,$3.97,33.9 ¢/oz
"Cheez-It Original Cheese Crackers, Baked Snack Crackers, 7 oz",Snack Crackers,2.77,$2.77,39.6 ¢/oz
"(3 pack) Wheat Thins Hint of Salt Low Sodium Snacks, Whole Grain Wheat Crackers, Snack Crackers, 8.5 oz",Snack Crackers,11.91,$11.91,46.7 ¢/oz
"RITZ Fresh Stacks Zesty Herb Crackers, Travel Snacks, 11.8 oz (8 Multi Snack Packs)",Snack Crackers,3.97,$3.97,33.6 ¢/oz
"Cheez-It Extra Cheesy Cheese Crackers, Baked Snack Crackers, 21 oz",Snack Crackers,5.97,$5.97,28.4 ¢/oz
"BARNUM'S Original Animal Crackers, Kids Snacks, 10 Snack Packs",Snack Crackers,5.97,$5.97,59.7 ¢/oz
"(4 pack) Get'ems from Gerber Maple Flavor Snack Crackers, Kids Snack Made with Real Veggies & Fruits, Iron & Vitamin E",Snack Crackers,11.88,$11.88,59.4 ¢/oz
"Cheez-It DUOZ Jalapeo and Cheddar Jack Baked Snack Crackers, Lunch Snacks, 12.4 oz",Snack Crackers,3.97,$3.97,32.0 ¢/oz
"Cheez-It Extra Toasty Cheese Crackers, Baked Snack Crackers, 12.4 oz",Snack Crackers,3.97,$3.97,32.0 ¢/oz
"Goldfish Colors Cheddar Baked Snack Crackers, 6.6 oz Bag",Snack Crackers,2.64,$2.64,40.0 ¢/oz
"Cheez-It Original Cheese Crackers, Baked Snack Crackers, 25 oz",Snack Crackers,6.97,$6.97,27.9 ¢/oz
"(2 pack) Club Snack Stacks Original Crackers, Lunch Snacks, 6 Count",Snack Crackers,7.48,$7.48,29.9 ¢/oz
"Goldfish Colors Cheddar Cheese Crackers, 27.3 oz Carton",Snack Crackers,9.97,$9.97,36.5 ¢/oz
"Quest Nutrition Cheese Crackers, Spicy Cheddar Flavored, 10g Protein, 4 Count",Snack Crackers,7.48,$7.48,$1.77/oz
"(2 pack) Cheez-It Extra Cheesy Cheese Crackers, Baked Snack Crackers, 12.4 oz",Snack Crackers,7.94,$7.94,32.0 ¢/oz
"Goldfish Flavor Blasted Xtra Cheesy Pizza Crackers, 6.6 oz. Bag",Snack Crackers,2.64,$2.64,40.0 ¢/oz
"(2 pack) Schar Gluten Free Table Crackers, Paper Packet, 7.4 Ounce (1.2oz Packs per Case)",Snack Crackers,11.48,$11.48,77.6 ¢/oz
"(3 pack) RITZ Whole Wheat Crackers, Snacks for Kids and Adults, Lunch Snacks, 12.9 oz",Snack Crackers,11.91,$11.91,30.8 ¢/oz
"Goldfish Colors Cheddar Cheese Crackers, 10 oz Bag",Snack Crackers,3.52,$3.52,35.2 ¢/oz
"(3 pack) RITZ Fresh Stacks Whole Wheat Crackers, Travel Snacks, 11.6 oz (8 Multi Snack Packs)",Snack Crackers,11.91,$11.91,34.2 ¢/oz
"Goldfish Original Crackers, 6.6 oz Bag",Snack Crackers,2.64,$2.64,40.0 ¢/oz
"Goldfish Parmesan Cheese Crackers, 6.6 oz Bag",Snack Crackers,2.64,$2.64,40.0 ¢/oz
"(3 pack) Premium Original Mini Saltine Crackers, Lunch Snacks, 11 oz",Snack Crackers,11.04,$11.04,33.5 ¢/oz
"Goldfish Baby Cheddar Cheese Crackers, 7.2 oz Bag",Snack Crackers,2.64,$2.64,36.7 ¢/oz
"RITZ Toasted Chips Original Crackers, Party Snacks, Family Size, 11.4 oz",Snack Crackers,5.24,$5.24,46.0 ¢/oz
"Marys Gone Crackers Super Seed Organic, Gluten Free Everything Crackers, 4 oz",Snack Crackers,4.48,$4.48,$1.12/oz
"(2 pack) Town House Original Oven Baked Crackers, Party Snacks, 13.8 oz",Snack Crackers,7.94,$7.94,28.8 ¢/oz
"Kellogg's Cinnamon Baked Graham Cracker Snacks, Lunch Snacks, 10 Count",Snack Crackers,5.97,$5.97,59.7 ¢/oz
"(3 pack) Great Value Whole Grain Saltine Crackers, 16 oz, 4 Count",Snack Crackers,5.52,$5.52,11.5 ¢/oz
"(2 pack) Town House FlipSides Original Oven Baked Crackers, Lunch Snacks, 9.2 oz",Snack Crackers,7.94,$7.94,43.2 ¢/oz
"(2 pack) Club Snack Stacks Original Crackers, Lunch Snacks, 9 Count",Snack Crackers,10.94,$10.94,29.1 ¢/oz
"Cheez-It Variety Pack Baked Snack Crackers, Lunch Snacks, 10 Count",Snack Crackers,5.97,$5.97,59.0 ¢/oz
"RITZ Bits Cheese Sandwich Crackers, Lunch Snacks, 10 Snack Packs",Snack Crackers,5.97,$5.97,59.7 ¢/oz
"Cheez-It DUOZ Bacon and Cheddar Baked Snack Crackers, Lunch Snacks, 12.4 oz",Snack Crackers,3.97,$3.97,32.0 ¢/oz
"Cheez-It Original Cheese Crackers, Baked Snack Crackers, 20 Count",Snack Crackers,9.96,$9.96,49.8 ¢/oz
"Handi-Snacks RITZ Crackers 'N Cheesy Dip Snack Packs, 20 Snack Packs",Snack Boxes,12.48,$12.48,65.7 ¢/oz
"Cheez-It Original Cheese Crackers, Baked Snack Crackers, 30 Count",Snack Crackers,12.96,$12.96,43.2 ¢/oz
"RITZ Toasted Chips Ranch Crackers, Party Snacks, 8.1 oz",Snack Crackers,4.17,$4.17,51.5 ¢/oz
"Cheez-It Reduced Fat Original Cheese Crackers, Baked Snack Crackers, 19 oz",Snack Crackers,5.97,$5.97,31.4 ¢/oz
"Goldfish Cheddar Cheese Crackers, 10 oz Bag",Snack Crackers,3.52,$3.52,35.2 ¢/oz
"RITZ Toasted Chips Honey BBQ Crackers, Party Snacks, 8.1 oz",Snack Crackers,4.17,$4.17,51.5 ¢/oz
"Goldfish Cheddar Cheese Crackers, Baked with Whole Grain, 27.3 oz Carton",Snack Crackers,9.97,$9.97,36.5 ¢/oz
"Cheez-It Snap'd Double Cheese Cracker Chips, Thin Crisps, 7.5 oz",Snack Crackers,3.87,$3.87,51.6 ¢/oz
"Goldfish Cheddar Cheese Crackers, Baked Snack Crackers, 1 oz on-The-Go Snack Packs, 20 Count Box",Snack Crackers,10.24,$10.24,51.2 ¢/oz
"Goldfish Colors Crackers, Snack Pack, 0.9 oz, 12 Count Multi-Pack Tray",Snack Crackers,7.12,$7.12,65.9 ¢/oz
"(3 pack) RITZ Toasted Chips Original Crackers, Party Snacks, Family Size, 11.4 oz",Snack Crackers,15.72,$15.72,46.0 ¢/oz
"Goldfish Family Faves Crackers, Cheddar, Colors and Baby Crackers Snack Pack, 0.9 oz, 20-Count Variety Pack Box",Snack Crackers,10.24,$10.24,52.8 ¢/oz
"Cheez-It Original Cheese Crackers, Baked Snack Crackers, 2.2 oz Cup",Snack Crackers,1,$1.00,45.5 ¢/oz
Kitchen Table Bakers Parm Crisps - Original Parmesan  - 1.75 Oz.,Snack Crackers,2.98,$2.98,$1.70/oz
"Rustic Bakery Organic Olive Oil & Sel Gris Sourdough Flatbread Bites Crackers, 4oz Box",Snack Crackers,3.96,$3.96,99.0 ¢/oz
"(3 pack) RITZ Toasted Chips Cheddar Crackers, Party Snacks, 8.1 oz",Snack Crackers,12.51,$12.51,51.5 ¢/oz
"Cheez-It White Cheddar Cheese Crackers, Baked Snack Crackers, 7 oz",Snack Crackers,2.77,$2.77,39.6 ¢/oz
"Cheez-It Hot and Spicy Baked Snack Crackers, Lunch Snacks, 21 oz",Snack Crackers,5.97,$5.97,28.4 ¢/oz
"(2 pack) Toasteds Flatbreads Sea Salt and Olive Oil Crackers, Party Snacks, 8.7 oz",Snack Crackers,7.54,$7.54,43.3 ¢/oz
"Cheez-It Puff'd Double Cheese Cheesy Baked Snacks, Puffed Snack Crackers, 5.75 oz",Puffed Snacks,3.87,$3.87,67.3 ¢/oz
"(3 pack) RITZ Toasted Chips Ranch Crackers, Party Snacks, 8.1 oz",Snack Crackers,12.51,$12.51,51.5 ¢/oz
"Goldfish Disney Mickey Mouse Cheddar Crackers, Snack Crackers, 6.6 oz Bag",Snack Crackers,2.64,$2.64,40.0 ¢/oz
"Goldfish Pretzel Crackers, 12 oz Bag",Snack Crackers,3.52,$3.52,29.3 ¢/oz
"Goldfish Crisps Sour Cream & Onion Baked Chip Crackers, 6.25 oz Bag",Snack Crackers,3.84,$3.84,61.4 ¢/oz
"(2 pack) Schar Gluten Free Entertainment Crackers with Sea Salt, Paper Packet, 6.2 oz",Snack Crackers,8.76,$8.76,70.6 ¢/oz
"RITZ Bits Spicy Queso Cheese Sandwich Crackers, Snacks for Kids and Adults, Lunch Snacks, 8.8 oz",Snack Crackers,3.97,$3.97,45.1 ¢/oz
"Goldfish Crisps Cheddar Cheese Baked Chip Crackers, 6.25 oz Bag",Snack Crackers,3.84,$3.84,61.4 ¢/oz
"Cheez-It Extra Toasty Cheddar Jack Cheese Crackers, Baked Snack Crackers, 12.4 oz",Snack Crackers,3.97,$3.97,32.0 ¢/oz
"(6 pack) Cheez-It Original Cheese Crackers, Baked Snack Crackers, 2.2 oz Cup",Snack Crackers,6,$6.00,45.5 ¢/oz
NABISCO RITZ BITS PEANUT BUTTER CRACKERS 10 OZ,Snack Crackers,5.97,$5.97,59.7 ¢/oz
"Cheez-It Puff'd White Cheddar Cheesy Baked Snacks, Puffed Snack Crackers, 5.75 oz",Puffed Snacks,3.87,$3.87,67.3 ¢/oz
"(2 pack) GOOD THINS Simply Salt Rice Snacks Gluten Free Crackers, Snack Crackers, 3.5 oz",Snack Crackers,7.54,$7.54,$1.08/oz
"(2 pack) Cheez-It Hot and Spicy Cheese Crackers, Baked Snack Crackers, 12.4 oz",Snack Crackers,7.94,$7.94,32.0 ¢/oz
"Lunchables Ham & Cheddar with Vanilla Creme Cookies, 3.5 oz Pack",Snack Crackers,1.87,$1.87,53.4 ¢/oz
"RITZ Whole Wheat Crackers, Snacks for Kids and Adults, Lunch Snacks, Family Size, 19.3 oz",Snack Crackers,5.23,$5.23,27.1 ¢/oz
"(3 pack) RITZ Bits Cheese Sandwich Crackers, Snacks for Kids and Adults, Lunch Snacks, 8.8 oz",Snack Crackers,11.91,$11.91,45.1 ¢/oz
"Cheez-It DUOZ Pesto and Mozzarella Baked Snack Crackers, Lunch Snacks, 12.4 oz",Snack Crackers,3.97,$3.97,32.0 ¢/oz
"(3 pack) Premium Original Saltine Crackers, Lunch Snacks, 16 oz",Snack Crackers,11.04,$11.04,23.0 ¢/oz
"Cheez-It Extra Crunchy Bold Cheddar Cheese Crackers, Baked Snack Crackers, 12.4 oz",Snack Crackers,3.97,$3.97,32.0 ¢/oz
"Goldfish Mega Bites Sharp Cheddar Cheese Crackers, 5.9 oz Bag",Snack Crackers,2.64,$2.64,44.7 ¢/oz
"(2 pack) Milton's Gluten Free Crackers - Crispy Sea Salt, 4.5oz, Plastic Bag",Snack Crackers,7.16,$7.16,79.6 ¢/oz
"(3 pack) RITZ Fresh Stacks Original Crackers, Travel Snacks, Family Size, 17.8 oz (12 Multi Snack Packs)",Snack Crackers,15.69,$15.69,29.4 ¢/oz
"(2 pack) Triscuit Thin Crisps Tomato Basil Pizza Whole Grain Wheat Crackers, Lunch Snacks, 7.1 oz",Snack Crackers,7.94,$7.94,55.9 ¢/oz
"Get'ems from Gerber Maple Flavor Snack Crackers, Kids Snack Made with Real Veggies & Fruits, Iron & Vitamin E",Baby Snacks,2.97,$2.97,59.4 ¢/oz
"Goldfish Disney Mickey Mouse Cheddar Crackers, Snack Crackers, 27.3 oz Carton",Snack Crackers,9.97,$9.97,36.5 ¢/oz
"Cheez-It Snap'd Extra Crunchy Margherita Pizza Cheesy Baked Snacks, Thin Crisps, 7.5 oz",Snack Crackers,3.87,$3.87,51.6 ¢/oz
"(2 pack) Stauffer's Original Animal Snack Crackers, 32 oz Party Size Pillow Bag, Low Fat Snack for Kids & Adults",Snack Crackers,10.88,$10.88,17.0 ¢/oz
"Cheez-It Smoked Cheddar Baked Snack Crackers, Lunch Snacks, 10 Count",Snack Crackers,5.97,$5.97,59.7 ¢/oz
"(3 pack) RITZ Whole Wheat Crackers, Snacks for Kids and Adults, Lunch Snacks, Family Size, 19.3 oz",Snack Crackers,15.69,$15.69,27.1 ¢/oz
"(2 pack) Cheez-It Extra Toasty Cheese Crackers, Baked Snack Crackers, 12.4 oz",Snack Crackers,7.94,$7.94,32.0 ¢/oz
"Rustic Bakery Organic Black & White Sesame Sourdough Flatbread Cracker Bites, 4oz Box",Snack Crackers,3.96,$3.96,99.0 ¢/oz
"(3 pack) RITZ Original Crackers, Snacks for Kids and Adults, Lunch Snacks, 13.7 oz",Snack Crackers,11.91,$11.91,29.0 ¢/oz
"Lunchables Ham & American with Chocolate Creme Cookies, 3.2 oz Pack",Snack Crackers,1.87,$1.87,58.4 ¢/oz
"Cheez-It White Cheddar Baked Snack Crackers, Lunch Snacks, 10 Count",Snack Crackers,5.97,$5.97,58.5 ¢/oz
"(2 pack) Club Multigrain Crackers, Lunch Snacks, 12.7 oz",Snack Crackers,7.48,$7.48,29.4 ¢/oz
"(3 pack) Premium Fresh Stacks Original Saltine Crackers, Travel Snacks, 13.6 oz (8 Multi Snack Packs)",Snack Crackers,11.64,$11.64,28.5 ¢/oz
12.3Z RITZ FOOTBALL SHAPES 12,Snack Crackers,3.98,$3.98,32.4 ¢/oz
Cheez It Cup Holiday,Snack Crackers,1,$1.00,45.5 ¢/oz
"(3 pack) RITZ Fresh Stacks Original Crackers, Travel Snacks, 11.8 oz (8 Multi Snack Packs)",Snack Crackers,11.91,$11.91,33.6 ¢/oz
"Nabisco Variety Pack, Barnum's Animal Crackers, Teddy Grahams & CHIPS AHOY! Cookies, 20 Snack Packs",Party Mixes,9.86,$9.86,49.3 ¢/oz
"TEDDY GRAHAMS Chocolate Graham Snacks, Kids Snacks, 10 oz",Snack Crackers,3.98,$3.98,39.8 ¢/oz
"Gripz White Cheddar Mini Crackers, Baked Snack Crackers, 10 Count",Snack Crackers,5.97,$5.97,66.3 ¢/oz
"(3 pack) Kellogg's Cinnamon Baked Graham Cracker Sticks, Lunch Snacks, 11 oz",Snack Crackers,10.38,$10.38,31.5 ¢/oz
"HORMEL GATHERINGS Pepperoni with Cheese and Crackers, Refrigerated, 14 oz Plastic Tray",Snack Crackers,7.97,$7.97,56.9 ¢/oz
"(2 pack) Town House Pita Sea Salt Oven Baked Crackers, Lunch Snacks, 9.5 oz",Snack Crackers,7.94,$7.94,41.8 ¢/oz
"(3 pack) Wheat Thins Reduced Fat Snacks, Whole Grain Wheat Crackers, Snack Crackers, Family Size, 12.5 oz",Snack Crackers,15.72,$15.72,41.9 ¢/oz
(2 pack) GREAT VALUE 12.4 OZ WHITE CHEDDAR CHEESE CRACKERS,Snack Crackers,5.14,$5.14,20.7 ¢/oz
good2grow 2oz Chocolate Snackers (Character Tops Vary),Snack Crackers,6.27,$6.27,$3.14/oz
"Lunchables Turkey & American with Chocolate Creme Cookies, 3.2 oz Pack",Snack Crackers,1.87,$1.87,58.4 ¢/oz
"(3 pack) CHICKEN IN A BISKIT Original Baked Snack Crackers, Lunch Snacks, Family Size, 12 oz",Snack Crackers,15.72,$15.72,43.7 ¢/oz
"(3 pack) Flavor Originals Sociables Baked Savory Crackers, Party Snacks, 7.5 oz",Snack Crackers,11.91,$11.91,52.9 ¢/oz
"(3 pack) Cheez-It Extra Toasty Cheddar Jack Cheese Crackers, Baked Snack Crackers, 12.4 oz",Snack Crackers,11.91,$11.91,32.0 ¢/oz
"(2 pack) RITZ Toasted Chips Sweet Habanero Crackers, Party Snacks, 8.1 oz",Snack Crackers,8.34,$8.34,51.5 ¢/oz
"(3 pack) Triscuit Reduced Fat Whole Grain Wheat Crackers, Vegan Snack Crackers, Family Size, 11.5 oz",Snack Crackers,15.72,$15.72,45.6 ¢/oz
"(3 pack) Wheat Thins Original Snacks, Whole Grain Wheat Crackers, Snack Crackers, 8.5 oz",Snack Crackers,11.91,$11.91,46.7 ¢/oz
"(3 pack) RITZ Cheese Sandwich Crackers, Lunch Snacks, 8 Snack Packs (6 Crackers Per Pack)",Snack Crackers,11.88,$11.88,36.7 ¢/oz
"(3 pack) Premium Original Soup & Oyster Crackers, Lunch Snacks, 9 oz",Snack Crackers,11.04,$11.04,40.9 ¢/oz
"Kellogg's Cinnamon Graham Snacks, Kids Snacks, 10 Count",Snack Crackers,5.97,$5.97,56.3 ¢/oz
"(3 pack) Wheat Thins Original Whole Grain Wheat Crackers, Party Size, 20 oz Box",Snack Crackers,19.26,$19.26,32.1 ¢/oz
"(2 pack) RITZ Toasted Chips Honey BBQ Crackers, Party Snacks, 8.1 oz",Snack Crackers,8.34,$8.34,51.5 ¢/oz
"(3 pack) Triscuit Original Whole Grain Wheat Crackers, Vegan Crackers, Healthy Snacks, Party Size, 17 oz",Snack Crackers,17.52,$17.52,34.4 ¢/oz
"(3 pack) Triscuit Hint of Sea Salt Whole Grain Wheat Crackers, Vegan Crackers, Vegan Snacks, 8.5 oz",Snack Crackers,11.91,$11.91,46.7 ¢/oz
"(3 pack) Triscuit Thin Crisps Original Whole Grain Wheat Crackers, Vegan Snacks, Snack Crackers, 7.1 oz",Snack Crackers,11.91,$11.91,55.9 ¢/oz
"(3 pack) RITZ Toasted Chips Sour Cream and Onion Crackers, Party Snacks, 8.1 oz",Snack Crackers,12.51,$12.51,51.5 ¢/oz
"(3 pack) Triscuit Garden Herb Whole Grain Wheat Crackers, Lunch Snacks, Snack Crackers, 8.5 oz",Snack Crackers,11.91,$11.91,46.7 ¢/oz
"Cheez-It Classic Snack Mix, Lunch Snacks, 10.5 oz",Snack Crackers,3.77,$3.77,35.9 ¢/oz
"(3 pack) RITZ Hint of Salt Crackers, Snacks for Kids and Adults, Lunch Snacks, 13.7 oz",Snack Crackers,11.91,$11.91,29.0 ¢/oz
"(3 pack) Quest Cheese Crackers, Cheddar Blast flavor, 10g of Protein, Made with Real Cheese, 4 Count",Snack Crackers,23.58,$23.58,$1.87/oz
"(4 pack) RITZ Roasted Vegetable Crackers, Snacks for Kids and Adults, Lunch Snacks, 13.3 oz",Snack Crackers,15.88,$15.88,29.8 ¢/oz
"Cheez-It Double Cheese Snack Mix, Lunch Snacks, 9.75 oz",Snack Crackers,3.77,$3.77,38.7 ¢/oz
"(2 pack) Cheez-It Snap'd Double Cheese Cracker Chips, Thin Crisps, 7.5 oz",Snack Crackers,7.74,$7.74,51.6 ¢/oz
"Lunchables Light Bologna & American with Chocolate Chip Cookies, 3.1 oz Pack",Snack Crackers,1.87,$1.87,60.3 ¢/oz
"(3 pack) RITZ Original Crackers, Snacks for Kids and Adults, Lunch Snacks, Family Size, 20.5 oz",Snack Crackers,15.69,$15.69,25.5 ¢/oz
"(3 pack) Triscuit Rosemary & Olive Oil Whole Grain Wheat Crackers, Snack Crackers, Family Size, 12.5 oz",Snack Crackers,15.72,$15.72,41.9 ¢/oz
"(3 pack) Cheez-It Puff'd White Cheddar Cheesy Baked Snacks, Puffed Snack Crackers, 5.75 oz",Puffed Snacks,11.61,$11.61,67.3 ¢/oz
"(3 pack) RITZ Toasted Chips Sour Cream and Onion Crackers, Party Snacks, Family Size, 11.4 oz",Snack Crackers,15.72,$15.72,46.0 ¢/oz
"(6 pack) Great Value Honey Graham Crackers, 14.4 oz, 8 Count",Snack Crackers,12.48,$12.48,14.4 ¢/oz
(3 pack) GREAT VALUE 21 OZ CHEESE CRACKERS,Snack Crackers,12.78,$12.78,20.3 ¢/oz
"(3 pack) Triscuit Cracked Pepper & Olive Oil Whole Grain Wheat Crackers, Snack Crackers, Family Size, 12.5 oz",Snack Crackers,15.72,$15.72,41.9 ¢/oz
"(3 pack) RITZ Garlic Butter Crackers, Snacks for Kids and Adults, Lunch Snacks, 13.7 oz",Snack Crackers,11.91,$11.91,29.0 ¢/oz
"(3 pack) RITZ Roasted Vegetable Crackers, Snacks for Kids and Adults, Lunch Snacks, 13.3 oz",Snack Crackers,11.91,$11.91,29.8 ¢/oz
"(3 pack) Triscuit Avocado, Cilantro & Lime Whole Grain Wheat Crackers, Lunch Snacks, Snack Crackers, 8.5 oz",Snack Crackers,11.91,$11.91,46.7 ¢/oz
"(3 pack) CHICKEN IN A BISKIT Ranch Baked Snack Crackers, Lunch Snacks, Family Size, 12 oz",Snack Crackers,15.72,$15.72,43.7 ¢/oz
"(6 pack) Schar Gluten Free Table Crackers, Paper Packet, 7.4 Ounce (1.2oz Packs per Case)",Snack Crackers,34.44,$34.44,77.6 ¢/oz
"Cheez-It Original Snack Mix, Lunch Snacks, 17.8 oz",Snack Crackers,5.97,$5.97,33.5 ¢/oz
"(3 pack) Quest Nutrition Cheese Crackers, Spicy Cheddar Flavored, 10g Protein, 4 Count",Snack Crackers,22.44,$22.44,$1.77/oz
"TEDDY GRAHAMS Honey Graham Snacks, 10 Kids Snack Packs",Snack Crackers,5.97,$5.97,59.7 ¢/oz
"(3 pack) GOOD THINS Parmesan & Garlic Rice & Cheese Snacks Gluten Free Crackers, Snack Crackers, 3.5 oz",Snack Crackers,11.31,$11.31,$1.08/oz
"(6 pack) Great Value Unsalted Tops Saltine Crackers, 16 oz",Snack Crackers,11.04,$11.04,11.5 ¢/oz
"(3 pack) Cheez-It DUOZ Bacon and Cheddar Baked Snack Crackers, Lunch Snacks, 12.4 oz",Snack Crackers,11.91,$11.91,32.0 ¢/oz
"(3 pack) Toasteds Flatbreads Italian Herb Crackers, Party Snacks, 8.7 oz",Snack Crackers,11.31,$11.31,43.3 ¢/oz
"(3 pack) Triscuit Roasted Garlic Whole Grain Wheat Crackers, Snack Crackers, Family Size, 12.5 oz",Snack Crackers,15.72,$15.72,41.9 ¢/oz
"(3 pack) RITZ Toasted Chips Veggie Crackers, Party Snacks, 8.1 oz",Snack Crackers,12.51,$12.51,51.5 ¢/oz
"(6 pack) Quest Cheese Crackers, Cheddar Blast flavor, 10g of Protein, Made with Real Cheese, 4 Count",Snack Crackers,47.16,$47.16,$1.87/oz
"(3 pack) GOOD THINS Sea Salt Corn Snacks Gluten Free Crackers, Snack Crackers, 3.5 oz",Snack Crackers,11.31,$11.31,$1.08/oz
"(3 pack) GOOD THINS Garden Veggie Rice Snacks Gluten Free Crackers, Snack Crackers, 3.5 oz",Snack Crackers,11.31,$11.31,$1.08/oz
"(3 pack) Wheat Thins Sundried Tomato & Basil Snacks, Whole Grain Wheat Crackers, Family Size, 13 oz",Snack Crackers,15.72,$15.72,40.3 ¢/oz
"(3 pack) Triscuit Smoked Gouda Whole Grain Wheat Crackers, Lunch Snacks, Snack Crackers, 8.5 oz",Snack Crackers,11.91,$11.91,46.7 ¢/oz
"(3 pack) Triscuit Rosemary & Olive Oil Whole Grain Wheat Crackers, Lunch Snacks, Snack Crackers, 8.5 oz",Snack Crackers,11.91,$11.91,46.7 ¢/oz
"(4 pack) RITZ Garlic Butter Crackers, Snacks for Kids and Adults, Lunch Snacks, 13.7 oz",Snack Crackers,15.88,$15.88,29.0 ¢/oz
"TEDDY GRAHAMS Honey Graham Snacks, Kids Snacks, 10 oz",Snack Crackers,3.98,$3.98,39.8 ¢/oz
"(4 pack) Triscuit Cracked Pepper & Olive Oil Whole Grain Wheat Crackers, Snack Crackers, Family Size, 12.5 oz",Snack Crackers,20.96,$20.96,41.9 ¢/oz
"(3 pack) TEDDY GRAHAMS Chocolate Graham Snacks, Kids Snacks, 10 oz",Snack Crackers,11.94,$11.94,39.8 ¢/oz
"(4 pack) Triscuit Reduced Fat Whole Grain Wheat Crackers, Vegan Snack Crackers, Family Size, 11.5 oz",Snack Crackers,20.96,$20.96,45.6 ¢/oz
"(3 pack) Wheat Thins Reduced Fat Snacks, Whole Grain Wheat Crackers, Snack Crackers, 8 oz",Snack Crackers,11.91,$11.91,49.6 ¢/oz
"Bumble Bee Snack on The Run Tuna Salad with Crackers Kit, Wild Caught, Ready to Eat, Spoon Included, Shelf Stable Box, 3.5oz",Snack Crackers,1.48,$1.48,42.3 ¢/oz
(2 pack) good2grow 2oz Chocolate Snackers (Character Tops Vary),Snack Crackers,12.54,$12.54,$3.14/oz
"(3 pack) Austin Peanut Butter on Cheese Sandwich Crackers, Single Serve Snack Crackers, 20 Count",Snack Crackers,21.84,$21.84,26.4 ¢/oz
"Hillshire Farm Protein Snack Pack, Smoked Ham, Monterey Jack Cheese, Wheat Crackers, 2.76 oz, (Refrigerated)",Snack Crackers,2.78,$2.78,99.3 ¢/oz
"(3 pack) Wheat Thins Sundried Tomato & Basil Snacks, Whole Grain Wheat Crackers, Snack Crackers, 8.5 oz",Snack Crackers,11.91,$11.91,46.7 ¢/oz
"(2 pack) Austin Peanut Butter on Cheese Sandwich Crackers, Single Serve Snack Crackers, 20 Count",Snack Crackers,14.56,$14.56,26.4 ¢/oz
"(6 pack) Quest Nutrition Cheese Crackers, Spicy Cheddar Flavored, 10g Protein, 4 Count",Snack Crackers,44.88,$44.88,$1.77/oz
"Cheez-It, Pringles & Rice Krispies Variety Pack Lunch Snacks, 30.1 oz, 30 Count",Snack Crackers,12.96,$12.96,43.1 ¢/oz
"(4 pack) Austin Peanut Butter on Cheese Sandwich Crackers, Single Serve Snack Crackers, 20 Count",Snack Crackers,29.12,$29.12,26.4 ¢/oz
"Nabisco Team Favorites Variety Pack, OREO, CHIPS AHOY!, Teddy Grahams & Barnum's, 30 Snack Packs",Snack Crackers,12.97,$12.97,43.2 ¢/oz
"Lunchables Ham & Swiss Protein Pack, 3.2 oz Pack",Snack Crackers,1.87,$1.87,58.4 ¢/oz
"SKIPPY PB Bites Double Peanut Butter Snack, Shelf-Stable, 6 oz Resealable Plastic Pouch",Snack Crackers,3.5,$3.50,7.3 ¢/oz
"Snack Factory Pop'ums White Cheddar Pretzel Snacks, 9 oz Bag",Snack Crackers,4.58,$4.58,50.9 ¢/oz
"(4 pack) SunChips 100% Whole Grain Garden Salsa Snack Chips Bag, 7 oz",Snack Crackers,15.92,$15.92,56.9 ¢/oz
"(6 pack) Velveeta Shells and Cheese Mac and Cheese, 1 Box, for Easy Dinner or Dinner Sides, Original Flavor, Made with Real Cheese, 12 oz",Snack Crackers,17.82,$17.82,24.8 ¢/oz
"Wheat Thins Sundried Tomato & Basil Snacks, Whole Grain Wheat Crackers, Snack Crackers, 8.5 oz",Snack Crackers,3.97,$3.97,46.7 ¢/oz
"International Delight Frosted Sugar Cookie Coffee Creamer Bottle, 32 fl oz",Non-Dairy Creamers,3.77,$3.77,17.8 ¢/oz
"Natural Bliss Milk and Sweet Cream, Liquid Dairy Coffee Creamer, 32 fl oz​",Non-Dairy Creamers,4.98,$4.98,15.6 ¢/fl oz
nutpods® Unsweetened Non Dairy Toasted Marshmallow made with Almonds and Coconuts Coffee Creamer,Non-Dairy Creamers,4.97,$4.97,19.6 ¢/fl oz
Chobani Coffee Creamer Sweet Cream 32 fl oz Carton,Non-Dairy Creamers,6.24,$6.24,19.5 ¢/fl oz
"International Delight Caramel Macchiato Coffee Creamer, 32 fl oz Bottle",Non-Dairy Creamers,3.77,$3.77,11.8 ¢/fl oz
"Coffee mate French Vanilla Flavored Coffee Creamer, Non-Dairy, Gluten-Free, 126 Servings 64 fl oz",Non-Dairy Creamers,6.88,$6.88,10.8 ¢/fl oz
"International Delight Sweet & Creamy Coffee Creamer, 32 fl oz Bottle",Non-Dairy Creamers,3.77,$3.77,11.8 ¢/fl oz
"Great Value French Vanilla Coffee Creamer, 32 fl oz",Non-Dairy Creamers,2.76,$2.76,8.6 ¢/fl oz
"Great Value Vanilla Caramel Coffee Creamer, 32 fl oz",Non-Dairy Creamers,2.76,$2.76,8.6 ¢/fl oz
nutpods® Unsweetened Non Dairy French Vanilla made with Almonds and Coconuts Coffee Creamer,Non-Dairy Creamers,4.97,$4.97,19.6 ¢/oz
Chobani Coffee Creamer Limited Batch Birthday Cake 24 fl oz,Dairy Creams,5.26,$5.26,21.9 ¢/fl oz
"International Delight Southern Butter Pecan Coffee Creamer, 32 fl oz Bottle",Non-Dairy Creamers,3.77,$3.77,11.8 ¢/fl oz
"Great Value French Vanilla Coffee Creamer, 64 fl oz",Non-Dairy Creamers,4.96,$4.96,7.8 ¢/fl oz
"Coffee mate Peppermint Mocha Non-Dairy Liquid Coffee Creamer, 32 fl oz",Non-Dairy Creamers,3.98,$3.98,12.4 ¢/fl oz
"International Delight Sweet & Creamy Coffee Creamer, 64 fl oz Bottle",Non-Dairy Creamers,6.63,$6.63,10.4 ¢/fl oz
"International Delight Caramel Macchiato Coffee Creamer, 64 fl oz Bottle",Non-Dairy Creamers,6.63,$6.63,10.4 ¢/fl oz
"Silk Dairy Free, Gluten Free, Sweet and Creamy Almond Creamer, 32 fl oz Carton",Non-Dairy Creamers,4.87,$4.87,15.2 ¢/fl oz
"Great Value Italian Sweet Creme Coffee Creamer, 32 fl oz",Non-Dairy Creamers,2.76,$2.76,8.6 ¢/fl oz
"Coffee mate French Vanilla Liquid Non-Dairy Coffee Creamer, 32 fl oz",Non-Dairy Creamers,3.98,$3.98,12.4 ¢/fl oz
"Coffee mate French Vanilla Flavored Coffee Creamer, Zero Sugar, Gluten-Free, 63 Servings 32 fl oz",Non-Dairy Creamers,3.98,$3.98,12.4 ¢/fl oz
"International Delight French Vanilla Coffee Creamer, 32 fl oz Bottle",Non-Dairy Creamers,3.77,$3.77,11.8 ¢/fl oz
"Nestle Coffee Mate Non Dairy Coconut Creme Liquid Coffee Creamer, 32 fl oz Bottle",Non-Dairy Creamers,3.98,$3.98,12.4 ¢/fl oz
"Nestle Coffee Mate Non Dairy Zero Sugar Italian Sweet Creme Liquid Coffee Creamer Sugar Free, 32 fl oz Bottle",Non-Dairy Creamers,3.98,$3.98,12.4 ¢/fl oz
"Coffee mate Hazelnut Gluten Free Liquid Non-Dairy Coffee Creamer, 64 fl oz",Non-Dairy Creamers,6.88,$6.88,10.8 ¢/fl oz
"International Delight White Chocolate Mocha Coffee Creamer, 32 fl oz Bottle",Non-Dairy Creamers,3.77,$3.77,11.8 ¢/fl oz
"Starbucks Non-Dairy Brown Sugar Cinnamon Flavored Creamer, Oatmilk Coffee Creamer, Inspired by Brown Sugar Shaken Espresso 28 fl oz",Non-Dairy Creamers,4.98,$4.98,17.8 ¢/fl oz
"Great Value Sugar Free French Vanilla Coffee Creamer, 32 fl oz",Non-Dairy Creamers,2.76,$2.76,8.6 ¢/fl oz
"Natural Bliss Milk and Sweet Cream, Liquid Dairy Coffee Creamer, 32fl oz",Non-Dairy Creamers,4.98,$4.98,15.6 ¢/fl oz
"Coffee mate Hazelnut Liquid Non-Dairy Coffee Creamer, 32 fl oz",Non-Dairy Creamers,3.98,$3.98,12.4 ¢/fl oz
"Natural Bliss Vanilla, Liquid Dairy Coffee Creamer, 32 fl oz",Non-Dairy Creamers,4.98,$4.98,15.6 ¢/fl oz
"Dunkin' Extra Extra Coffee Creamer, 32 fl oz Bottle",Non-Dairy Creamers,4.88,$4.88,15.3 ¢/fl oz
"Great Value Hazelnut Coffee Creamer, 32 fl oz",Non-Dairy Creamers,2.76,$2.76,8.6 ¢/fl oz
"Coffee mate French Vanilla Flavored Coffee Creamer, Zero Sugar, Gluten-Free, 126 Servings 64 fl oz",Non-Dairy Creamers,6.88,$6.88,10.8 ¢/fl oz
"Coffee mate Italian Sweet Crme Gluten Free Liquid Coffee Creamer, 64 fl oz",Non-Dairy Creamers,6.88,$6.88,10.8 ¢/fl oz
"Starbucks Non-Dairy Caramel Flavored Coffee Creamer, Almondmilk and Oatmilk Coffee Creamer, Inspired by Caramel Macchiato 28 fl oz",Non-Dairy Creamers,4.98,$4.98,17.8 ¢/fl oz
"Starbucks Caramel Flavored Coffee Creamer, Inspired by Caramel Macchiato 28 fl oz, Refrigerated",Dairy Creams,4.98,$4.98,17.8 ¢/fl oz
"Coffee mate Original Powder Coffee Creamer, 35.3 oz",Non-Dairy Creamers,7.33,$7.33,20.8 ¢/oz
"Silk Dairy Free Vanilla Almond Coffee Creamer, Plant Based, Gluten Free, 32 FL OZ Carton",Non-Dairy Creamers,4.87,$4.87,15.2 ¢/fl oz
Chobani Coffee Creamer Vanilla 32 fl oz Carton,Non-Dairy Creamers,6.24,$6.24,19.5 ¢/fl oz
"International Delight Hazelnut Coffee Creamer, 32 fl oz Bottle",Non-Dairy Creamers,3.77,$3.77,11.8 ¢/fl oz
"Silk Dairy Free, Gluten Free, Caramel Almond Creamer, 32 fl oz Carton",Non-Dairy Creamers,4.87,$4.87,15.2 ¢/fl oz
"Great Value Hazelnut Coffee Creamer, 64 fl oz",Non-Dairy Creamers,4.96,$4.96,7.8 ¢/fl oz
"Starbucks Zero Grams Added Sugar, Caramel Flavored Coffee Creamer, Inspired by Caramel Macchiato 28 fl oz",Dairy Creams,4.98,$4.98,17.8 ¢/fl oz
Chobani Coffee Creamer Caramel Macchiato 32 fl oz Carton,Non-Dairy Creamers,6.24,$6.24,19.5 ¢/fl oz
"Starbucks Chestnut Praline Flavored Coffee Creamer, Liquid Creamer  33.007 oz",Dairy Creams,6.17,$6.17,22.0 ¢/fl oz
"Coffee mate Hazelnut Zero Sugar Gluten Free Liquid Non-Dairy Coffee Creamer, 32 fl oz",Non-Dairy Creamers,3.98,$3.98,12.4 ¢/fl oz
"Coffee mate Original Liquid Non-Dairy Coffee Creamer, 64 fl oz",Non-Dairy Creamers,6.88,$6.88,10.8 ¢/fl oz
"International Delight Caramel Macchiato Coffee Creamer Singles, 0.44 fl oz, 24 Count",Non-Dairy Creamers,3.93,$3.93,37.3 ¢/fl oz
"Starbucks Raspberry Vanilla Flavored Coffee Creamer, Liquid Creamer, Dairy Creamer 14 fl oz",Dairy Creams,3.68,$3.68,26.3 ¢/fl oz
"Great Value Original Coffee Creamer, 16 oz",Non-Dairy Creamers,4.12,$4.12,25.8 ¢/oz
"Great Value Original Coffee Creamer, 35.3 oz",Non-Dairy Creamers,6.54,$6.54,18.5 ¢/oz
"Coffee mate Salted Caramel Brownie Liquid Non-Dairy Coffee Creamer, 16 fl oz",Non-Dairy Creamers,2.78,$2.78,17.4 ¢/fl oz
"Nestle Coffee Mate Zero Sugar Coconut Creme Liquid Coffee Creamer, 32 fl oz Bottle",Non-Dairy Creamers,3.98,$3.98,12.4 ¢/fl oz
"Starbucks Pumpkin Spice Latte Inspired Liquid Coffee Creamer, 28 fl oz Bottle",Dairy Creams,4.98,$4.98,17.8 ¢/fl oz
"Coffee mate Twix Flavored Coffee Creamer, Zero Sugar, Gluten-Free Creamer, 63 Servings 32 fl oz",Non-Dairy Creamers,3.98,$3.98,12.4 ¢/fl oz
"Coffee mate Original Flavored Gluten Free Liquid Non-Dairy Coffee Creamer, 32 fl oz",Non-Dairy Creamers,3.98,$3.98,12.4 ¢/fl oz
"Great Value Original Value Size Coffee Creamer, 60 oz",Non-Dairy Creamers,9.92,$9.92,16.5 ¢/oz
"International Delight French Vanilla Coffee Creamer Singles, 48 Count",Non-Dairy Creamers,6.43,$6.43,30.5 ¢/fl oz
"International Delight French Vanilla Coffee Creamer Singles, 0.44 fl oz, 24 Count",Non-Dairy Creamers,3.93,$3.93,37.3 ¢/fl oz
nutpods Unsweetened Non Dairy Toasted Marshmallow made with Almonds and Coconuts Coffee Creamer,Non-Dairy Creamers,4.97,$4.97,19.6 ¢/fl oz
"Great Value French Vanilla Non-Dairy Coffee Creamer, 15 oz",Non-Dairy Creamers,3.74,$3.74,24.9 ¢/oz
"International Delight Caramel Macchiato Cold Foam Coffee Creamer, 14 oz Can",Non-Dairy Creamers,5,$5.00,35.7 ¢/oz
nutpods Unsweetened Non Dairy French Vanilla made with Almonds and Coconuts Coffee Creamer,Non-Dairy Creamers,4.97,$4.97,19.6 ¢/oz
"International Delight Hazelnut Coffee Creamer Singles, 0.44 fl oz, 24 Count",Non-Dairy Creamers,3.93,$3.93,37.3 ¢/fl oz
"Nestle Coffee Mate, The Original Liquid Coffee Creamer Singles, 9 fl oz, 48 Count",Non-Dairy Creamers,6.26,$6.26,34.8 ¢/fl oz
"Great Value Caramel Macchiato Coffee Creamer, 15 oz",Non-Dairy Creamers,3.74,$3.74,24.9 ¢/oz
"International Delight Sweet & Creamy Cold Foam Coffee Creamer, 14 oz Can",Non-Dairy Creamers,5,$5.00,35.7 ¢/oz
"Coffee mate Original Powder Coffee Creamer, 16 oz",Non-Dairy Creamers,5.22,$5.22,32.6 ¢/oz
"Land O Lakes Mini Moo’s Half And Half Creamer Singles, 24 Count",Dairy Creams,4.16,$4.16,57.0 ¢/fl oz
"Great Value Half & Half, 32 FL OZ",Non-Dairy Creamers,2.82,$2.82,8.8 ¢/fl oz
"Coffee mate French Vanilla Gluten Free Liquid Non-Dairy Coffee Creamer, 16 fl oz",Non-Dairy Creamers,2.48,$2.48,15.5 ¢/fl oz
Chobani Dairy Coffee Creamer Hazelnut 24 fl oz,Non-Dairy Creamers,5.26,$5.26,21.9 ¢/fl oz
"Great Value Cinnamon French Toast Non-Dairy Coffee Creamer, 15 oz",Non-Dairy Creamers,3.74,$3.74,24.9 ¢/oz
"Nestle Coffee Mate, The Original Liquid Coffee Creamer Singles, 9 fl oz, 24 Count",Non-Dairy Creamers,3.94,$3.94,43.8 ¢/fl oz
"Dunkin' Pumpkin MUNCHKIN Coffee Creamer, 32 fl oz Bottle",Non-Dairy Creamers,4.88,$4.88,15.3 ¢/fl oz
"Coffee mate Non Dairy Butter Brown Chocolate Chip Flavored Cold Foam Coffee Creamer, 14 fl oz Can",Non-Dairy Creamers,4.17,$4.17,29.8 ¢/oz
"Great Value Non-Dairy Hazelnut Coffee Creamer, 15 oz",Non-Dairy Creamers,3.74,$3.74,24.9 ¢/oz
"Great Value French Vanilla Non-Dairy Coffee Creamer, Sugar-Free, 10.2 oz",Non-Dairy Creamers,3.64,$3.64,35.7 ¢/oz
"Nestle Coffee Mate, French Vanilla Liquid Coffee Creamer Singles, 9 fl oz, 24 Count",Non-Dairy Creamers,3.94,$3.94,43.8 ¢/fl oz
"Coffee mate Chocolate Crme Powder Coffee Creamer, 15 oz",Non-Dairy Creamers,5.38,$5.38,35.9 ¢/oz
"Coffee mate Vanilla Caramel Sugar-Free Powder Coffee Creamer, 10.2 oz",Non-Dairy Creamers,5.38,$5.38,52.7 ¢/oz
"Great Value Hazelnut Coffee Creamer, Sugar Free, 10.2 oz",Non-Dairy Creamers,3.64,$3.64,35.7 ¢/oz
"Coffee mate Original Fat Free Powder Coffee Creamer, 16 oz",Non-Dairy Creamers,5.22,$5.22,32.6 ¢/oz
"Coffee mate Hazelnut Sugar-Free Powder Coffee Creamer, 10.2 oz",Non-Dairy Creamers,5.23,$5.23,51.3 ¢/oz
"Nestle Coffee Mate, Chocolate Crme Sugar-Free Powdered Coffee Creamer, 10.2 oz",Non-Dairy Creamers,5.38,$5.38,52.7 ¢/oz
"Coffee mate French Vanilla Sugar-Free Powder Coffee Creamer, 10.2 oz",Non-Dairy Creamers,5.38,$5.38,52.7 ¢/oz
"Coffee mate French Vanilla Powder Coffee Creamer, 15 oz",Non-Dairy Creamers,5.38,$5.38,35.9 ¢/oz
"Nestle Coffeemate Caramel Latte Coffee Creamer, 15 oz",Non-Dairy Creamers,5.38,$5.38,35.9 ¢/oz
"Great Value Half & Half, 16 fl oz",Non-Dairy Creamers,1.78,$1.78,11.1 ¢/fl oz
"Coffee mate Hazelnut Powder Coffee Creamer, 15 oz",Non-Dairy Creamers,5.23,$5.23,34.9 ¢/oz
"Land O Lakes Traditional Half And Half, 32 fl oz",Dairy Creams,3.57,$3.57,11.2 ¢/fl oz
"Coffee mate Peppermint Mocha Flavored Powdered Coffee Creamer, Non Dairy Creamer 15 oz",Non-Dairy Creamers,4.98,$4.98,33.2 ¢/oz
"Great Value Half and Half, 64 fl oz Carton, Refrigerated",Dairy Creams,5.54,$5.54,8.7 ¢/fl oz
Crystal Creamery Fresh All-Natural Half & Half Dairy Milk Paper Carton Pint 16 fl oz (Refrigerated),Dairy Creams,2,$2.00,12.5 ¢/fl oz
Crystal Creamery 100% Real California All-Natural Grade A Half & Half Paper Carton 32 fl oz Pasteurized Homogenized Gluten-Free,Dairy Creams,3.42,$3.42,10.7 ¢/fl oz
"Great Value Fat Free Half and Half, 32 fl oz Carton, Refrigerated",Dairy Creams,2.82,$2.82,8.8 ¢/fl oz
"Horizon Organic Half and Half Carton, 32 fl oz",Dairy Creams,5.14,$5.14,16.1 ¢/fl oz
"Nestle Media Crema Neutral Flavor Heavy Table Dairy Cream, 7.6 fl oz Can",Dairy Creams,2.34,$2.34,30.8 ¢/fl oz
Crystal Creamery 36% Heavy Whipping Cream Half Pint 8 fl oz Paper Carton Ultra-Pasteurized,Dairy Creams,3.14,$3.14,39.3 ¢/fl oz
"Crystal Creamery Fresh 40% Butterfat Heavy Whipping Cream, 64 fl oz Carton",Dairy Creams,11.28,$11.28,17.6 ¢/fl oz
"Great Value Heavy Whipping Cream, 16 oz Carton, Refrigerated",Dairy Creams,2.96,$2.96,18.5 ¢/fl oz
"Crystal Creamery Fresh Heavy Whipping Cream With 40% Butterfat, 32 fl oz Paper Carton",Dairy Creams,7.36,$7.36,23.0 ¢/fl oz
"Land O Lakes Heavy Whipping Cream, 32 fl oz",Dairy Creams,6.87,$6.87,21.5 ¢/fl oz
"Great Value Heavy Whipping Cream, 32 oz Carton, Refrigerated",Dairy Creams,5.28,$5.28,16.5 ¢/fl oz
Crystal Creamery Ultra-Pasteurized Milk 36 % Butterfat Heavy Whipping Cream Pint Paper Carton 16 oz,Dairy Creams,5.5,$5.50,34.4 ¢/fl oz
"Horizon Organic Heavy Whipping Cream Pint Carton, 16 fl oz",Dairy Creams,5.54,$5.54,34.6 ¢/fl oz
"Great Value Original Dairy Whipped Topping, 13 oz",Dairy Creams,2.87,$2.87,22.1 ¢/oz
Country Crock Homestyle Dairy Free Heavy Whipping Cream (Refrigerated),Non-Dairy Creamers,3.86,$3.86,22.8 ¢/fl oz
"Great Value Extra Creamy Dairy Whipped Topping, 13 oz",Dairy Creams,2.28,$2.28,17.5 ¢/oz
"Cacique Crema Mexicana Table Cream, 15 oz Jar (Refrigerated)",Dairy Creams,3.87,$3.87,25.8 ¢/oz
"Daisy Pure and Natural Sour Cream, 14 oz Pouch (Refrigerated)",Dairy Creams,2.84,$2.84,20.3 ¢/oz
"Reddi-wip Original Whipped Topping Made with Real Cream, 13 oz",Dairy Creams,4.62,$4.62,35.5 ¢/oz
"Cool Whip Original Whipped Topping, 8 oz Tub",Dairy Creams,1.98,$1.98,24.8 ¢/oz
"Great Value Original Sugar Free Whipped Topping, 6.5 oz",Dairy Creams,1.97,$1.97,30.3 ¢/oz
"El Mexicano Crema Mexicana, Sour Cream, 15 oz Jar Refrigerated",Dairy Creams,3.17,$3.17,21.1 ¢/oz
"Reddi-wip Extra Creamy Whipped Topping Made with Real Cream, 13 oz",Dairy Creams,4.62,$4.62,35.5 ¢/oz
"Daisy Pure and Natural Sour Cream, 16 oz (1 lb) Tub (Refrigerated)",Dairy Creams,2.64,$2.64,16.5 ¢/oz
"Reddi-wip Original Whipped Topping Made with Real Cream, 6.5 oz",Dairy Creams,2.96,$2.96,45.5 ¢/oz
"Great Value Original Dairy Whipped Topping, 6.5 oz",Dairy Creams,1.97,$1.97,30.3 ¢/oz
"Great Value Whipped Topping, Dessert and Fruit Topping, 8 oz (Frozen)",Dairy Creams,1.12,$1.12,14.0 ¢/oz
"Daisy Pure and Natural Sour Cream, 8 oz Tub (Refrigerated)",Dairy Creams,1.74,$1.74,21.8 ¢/oz
"Great Value Original Sour Cream, 16 oz Tub",Dairy Creams,1.88,$1.88,11.8 ¢/oz
"Daisy Pure and Natural Light Squeeze Sour Cream, 50% Less Fat, 14 oz Pouch (Refrigerated)",Dairy Creams,2.84,$2.84,20.3 ¢/oz
"Great Value Original Sour Cream, 24 oz",Dairy Creams,2.74,$2.74,11.4 ¢/oz
"Daisy Pure and Natural Sour Cream, 48 oz (3 lb) Tub (Refrigerated)",Dairy Creams,6.64,$6.64,13.8 ¢/oz
"Daisy Pure and Natural Sour Cream, 24 oz (1.5 lb) Tub (Refrigerated)",Dairy Creams,3.72,$3.72,15.5 ¢/oz
"Knudsen Hampshire 100% Natural Sour Cream, 16 oz Tub, Refrigerated",Dairy Creams,2.62,$2.62,16.4 ¢/oz
"Daisy Pure and Natural Light Sour Cream, 50% Less Fat, 16 oz (1 lb) Tub (Refrigerated)",Dairy Creams,2.64,$2.64,16.5 ¢/oz
"Great Value Light Sour Cream, 16 oz Tub",Dairy Creams,1.88,$1.88,11.8 ¢/oz
"Daisy Pure and Natural Light Sour Cream, 50% Less Fat, 8 oz Tub (Refrigerated)",Dairy Creams,1.74,$1.74,21.8 ¢/oz
"Daisy Sour Cream Creamy Ranch Dip, 16 oz Tub (Refrigerated)",Dairy Creams,2.98,$2.98,18.6 ¢/oz
"Alli Orlistat Diet Weight Loss Supplement Pills, 60 Mg, 120 Ct",Dietary Supplements,69.97,$69.97,58.3 ¢/count
Applied Nutrition Green Tea Fat Burner - 90 Liquid Soft-Gels - Increases Calorie Burning & Supplies Powerful Antioxidants - 45 Total Servings,Herbal Supplements,9.96,$9.96,11.1 ¢/count
"Osteo Bi-Flex Triple Strength Joint Health Dietary Supplement with Glucosamine Chondroitin, 88 Count",Dietary Supplements,17.98,$17.98,20.4 ¢/count
"Spring Valley Weight Management Dietary Supplement Vegetarian Gummies, Apple, 400 Mcg, 60 Count",Dietary Supplements,9.88,$9.88,16.5 ¢/count
"Obvi Collagenic Burn for Weight Loss, Collagen Peptides Infused Thermogenic Burner, 120 Capsules",Dietary Supplements,19.97,$19.97,16.6 ¢/count
Applied Nutrition 14-Day Acai Berry Cleanse - 56 Tablets - Weight-Loss Support Flush + Milk Thistle - 28 Servings,Dietary Supplements,9.96,$9.96,17.8 ¢/count
"Lipozene Amorphophallus Konjac Maximum Strength Weight Loss Pills, 60Ct",Dietary Supplements,19.88,$19.88,33.1 ¢/count
"Osteo Bi-Flex Triple Strength Joint Health Dietary Supplement with Glucosamine Chondroitin MSM, 88 Count",Dietary Supplements,17.98,$17.98,20.4 ¢/count
"PharmaPure Sugar Blocker Weight Loss Supplement, 90 Capsules",Dietary Supplements,9.97,$9.97,11.1 ¢/count
"Orgain Hydrolyzed Grass Fed 20g Collagen Peptides Powder, Unflavored, 1lb",Dietary Supplements,23.88,$23.88,$1.49/oz
"Osteo Bi-Flex Triple Strength Joint Health Dietary Supplements, Glucosamine Chondroitin MSM, and Vitamin C Tablets, 160 Count",Dietary Supplements,29.98,$29.98,18.7 ¢/count
"Hydroxycut Hardcore Scientifically Tested Energy & Weight Loss Pills, Capsules, 60 Ct.",Dietary Supplements,19.97,$19.97,33.3 ¢/count
"Alli Orlistat Weight Loss Supplement Capsules Starter Pack, 60 Mg, 60 Ct",Dietary Supplements,44.97,$44.97,75.0 ¢/count
"DietWorks Cider Trim Apple Cider Vinegar Capsules, 120 Ct",Appetite Control & Suppressants,8.84,$8.84,7.4 ¢/count
"Hydroxycut Pro Clinical Weight Loss Supplements with Apple Cider Vinegar, 60 Pills",Dietary Supplements,17.88,$17.88,29.8 ¢/count
"Hydroxycut Hardcore Ultra Shred Weight Loss Drink Mix, Thermogenic Supplement, Tangerine Mimosa, 20 Ct",Appetite Control & Suppressants,23.24,$23.24,$5.67/oz
"Spring Valley Berberine Dietary Supplement Vegetarian Capsules for Metabolism Support, 1200 mg, 40 Count",Dietary Supplements,12.88,$12.88,32.2 ¢/count
"Equate Non GMO Dietary Supplement Gummies, Apple Cider Vinegar, 500 mg, 60 Count, Compare to Goli Apple Cider Vinegar Gummies",Dietary Supplements,10.88,$10.88,18.1 ¢/count
"Spring Valley Ginkgo Biloba Extract Dietary Supplement Vegetarian Capsules for Memory Support, 120 mg, 90 Count",Herbal Supplements,10.96,$10.96,12.2 ¢/count
"(2 pack) Spring Valley Calcium Bone Health Dietary Supplement Tablets, 600 mg, 100 Count",Dietary Supplements,9.48,$9.48,4.7 ¢/count
"Spring Valley Flush Free Niacin Dietary Supplement Capsules for Metabolism Support, 500 mg, 240 Count",Dietary Supplements,13.88,$13.88,5.8 ¢/count
"Spring Valley D-Mannose Urinary Tract Support Dietary Supplement, 500 mg, 120 Vegetarian Capsules",Dietary Supplements,12.48,$12.48,10.4 ¢/count
"Spring Valley Odor-Controlled Garlic Dietary Supplement Softgels for Heart Health, 1000 mg, 120 Count",Dietary Supplements,4.74,$4.74,4.0 ¢/count
"Spring Valley Beet Root Heart Health Dietary Supplement Gummies, Cherry, 500 mg, 60 Count",Dietary Supplements,9.88,$9.88,16.5 ¢/count
"Spring Valley Folate Dietary Supplement Tablets for Women's Health, 1,333 mcg DFE, 400 Count",Vitamin Supplements,4.88,$4.88,1.2 ¢/count
"Sanar Naturals Colon Cleanser for Digestive and Gut Health, Constipation Relief, 90 Capsules",Dietary Supplements,7.98,$7.98,8.9 ¢/count
"Equate Grass Fed Hydrolyzed Bovine Collagen Peptides Type 1 & 3 Dietary Supplement Powder, Unflavored, 10 oz",Protein Supplements,16.94,$16.94,$1.69/oz
"(2 pack) Spring Valley Calcium Citrate Dietary Supplement Tablets for Bone Health, 600 mg, 300 Count",Dietary Supplements,19.26,$19.26,3.2 ¢/count
"Spring Valley Standardized Extract Korean Panax Ginseng Dietary Supplement Vegetarian Capsules for General Wellness, 100 mg, 60 Count",Dietary Supplements,5.42,$5.42,9.0 ¢/count
"Spring Valley Magnesium Dietary Supplement Tablets for Bone and Muscle Health, 250 mg, 250 Count",Mineral Supplements,6.74,$6.74,2.7 ¢/count
"Spring Valley Collagen Peptides Type 1 & 3 Dietary Supplement Powder for Hair/Skin/Nails, 9 oz",Dietary Supplements,12.48,$12.48,$1.39/oz
"(2 pack) Spring Valley Magnesium Dietary Supplement Tablets for Bone and Muscle Health, 400 mg, 250 Count",Dietary Supplements,19.48,$19.48,3.9 ¢/count
"(3 pack) Spring Valley Berberine Dietary Supplement Vegetarian Capsules for Metabolism Support, 1200 mg, 40 Count",Dietary Supplements,38.64,$38.64,32.2 ¢/count
"Spring Valley Odor-Controlled Garlic Dietary Supplement Softgels for Heart Health, 1000 mg, 200 Count",Dietary Supplements,6.47,$6.47,3.2 ¢/count
"Spring Valley Fenugreek Dietary Supplement Vegetarian Capsules for General Wellness, 610 mg, 100 Count",Herbal Supplements,7.88,$7.88,7.9 ¢/count
"(3 pack) Spring Valley L-Lysine Dietary Supplement Tablets for Tissue Health, 1000 mg, 100 Count",Dietary Supplements,14.64,$14.64,4.9 ¢/count
"Spring Valley Vitamin  with Rose Hips Dietary Supplement Tablets for Immune Health, 1000 mg, 100 Count",Dietary Supplements,6.52,$6.52,6.5 ¢/count
"Spring Valley Sublingual Vitamin B Complex with B12 Dietary Supplement for Metabolism Support, Berry Flavor, 2 fl oz",Vitamin Supplements,6.22,$6.22,$3.11/fl oz
"(2 pack) Spring Valley Papaya Enzyme Complex Chewable Tablets Dietary Supplement, Digestive Health, 180 Count",Dietary Supplements,9.76,$9.76,2.7 ¢/count
"Force Factor Ultra Berberine Enhanced Absorption for Fat Loss, Blood Sugar & Metabolism Support, Gentle on The Stomach, Chocolate, 60 Soft Chews",Vitamin Supplements,23.58,$23.58,39.3 ¢/count
"Spring Valley Rapid-Release CoQ10 Heart Health Dietary Supplement Softgels, 100 mg, 120 Count",Dietary Supplements,16.67,$16.67,13.9 ¢/count
"(2 pack) Spring Valley Ginger Root Dietary Supplement Capsules for Digestive Health, 550 mg, 100 Count",Dietary Supplements,9.76,$9.76,4.9 ¢/count
"(2 pack) Spring Valley Biotin Dietary Supplement Softgels for Hair/Skin/Nails Health, 1,000 mcg, 150 Count",Dietary Supplements,8.32,$8.32,2.8 ¢/count
"Spring Valley Super Vitamin B-Complex, 250 Count, Dietary Supplement Tablets for Metabolism Support",Vitamin Supplements,8.82,$8.82,3.5 ¢/count
"Spring Valley Quercetin Dietary Supplement Vegetarian Capsules for Immune Support, 500 mg, 60 Count",Dietary Supplements,14.48,$14.48,24.1 ¢/count
"(3 pack) Spring Valley Tart Cherry Extract Dietary Supplement Vegetarian Capsules for Antioxidant Support , 1200 mg, 90 Count",Dietary Supplements,23.64,$23.64,8.8 ¢/count
"Spring Valley Calcium Bone Health Dietary Supplement Tablets, 600 mg, 100 Count",Mineral Supplements,4.74,$4.74,4.7 ¢/count
"Goli Nutrition Apple Cider Vinegar Vegan Gummies, 60 Count",Dietary Supplements,13.99,$13.99,23.3 ¢/count
"(2 pack) Spring Valley Folate Dietary Supplement Tablets for Women's Health, 1,333 mcg DFE, 400 Count",Dietary Supplements,9.76,$9.76,1.2 ¢/count
"(2 pack) Spring Valley Flush Free Niacin Dietary Supplement Capsules for Metabolism Support, 500 mg, 240 Count",Dietary Supplements,27.76,$27.76,5.8 ¢/count
"(2 pack) Spring Valley Beet Root General Health & Wellness Dietary Supplement, 1000 mg, 90 Count",Dietary Supplements,17.76,$17.76,9.9 ¢/count
"Spring Valley Calcium Plus Vitamin D Tablets, 600 mg, 500 Count,  Bone & Joint Health Dietary Supplement, Value Size",Dietary Supplements,8.74,$8.74,1.7 ¢/count
"Spring Valley Ginger Root Dietary Supplement Capsules for Digestive Health, 550 mg, 100 Count",Herbal Supplements,4.88,$4.88,4.9 ¢/count
"(3 pack) Spring Valley Potassium Dietary Supplement Caplets for Heart Health, 99 mg, 100 Count",Dietary Supplements,13.02,$13.02,4.3 ¢/count
"Spring Valley CoQ10 Dietary Supplement Gummies for Heart Health, 200 mg, 60 Count",Dietary Supplements,10.37,$10.37,17.3 ¢/count
"Equate Grass Fed Hydrolyzed Bovin Collagen Peptides Type 1 & 3 Dietary Supplement Powder, Unflavored, 20 oz",Protein Supplements,24.94,$24.94,$1.25/oz
"(3 pack) Spring Valley Chromium Dietary Supplement Tablets for Metabolism Support, 1000 mcg, 100 Count",Dietary Supplements,26.64,$26.64,8.9 ¢/count
"(3 pack) Spring Valley Extra Strength Cranberry Dietary Supplement Capsules, 15,000mg, 60 Count",Dietary Supplements,26.64,$26.64,14.8 ¢/count
"Spring Valley Iron General Health & Wellness Dietary Supplement Tablets, 65 mg, 100 Count",Mineral Supplements,3.74,$3.74,3.7 ¢/count
"Spring Valley Rapid-Release CoQ10 Heart Health Dietary Supplement Softgels, 100 mg, 60 Count",Dietary Supplements,9.88,$9.88,16.5 ¢/count
"Spring Valley Black Cohosh Dietary Supplement Tablets for Menopause Support, 40 mg, 100 Count",Herbal Supplements,4.88,$4.88,4.9 ¢/count
"Nopalina Flax Seed Fiber Dietary Supplement, 120 count",Vitamin Supplements,17.42,$17.42,14.5 ¢/count
"(3 pack) Spring Valley Apple Cider Vinegar Dietary Supplement Capsules, 450 mg, 100 Count",Dietary Supplements,20.64,$20.64,6.9 ¢/count
"Spring Valley Rapid-Release CoQ10 Heart Health Dietary Supplement Softgels, 100 mg, 30 Count",Dietary Supplements,6.88,$6.88,22.9 ¢/count
"Spring Valley CoQ10 Dietary Supplement Softgels for Heart Health, 50 mg, 30 Count",Dietary Supplements,6.24,$6.24,20.8 ¢/count
"Spring Valley Norwegian Salmon Dietary Supplement Softgels for Heart Health, 1000 mg, 120 Count",Omega Fatty Acid Supplements,8.88,$8.88,7.4 ¢/count
"(2 pack) Spring Valley Beet Root Heart Health Dietary Supplement Gummies, Cherry, 500 mg, 60 Count",Dietary Supplements,19.76,$19.76,16.5 ¢/count
"Nature Made Magnesium L Threonate Capsules, Dietary Supplement for Cognitive Support, 75 Ct",Mineral Supplements,28.98,$28.98,38.6 ¢/count
"(3 pack) Spring Valley L-Lysine Dietary Supplement Tablets for Tissue Health, 500 mg, 250 Count",Dietary Supplements,20.64,$20.64,2.8 ¢/count
"Spring Valley CoQ10 Dietary Supplement Gummies for Heart Health, 200 mg, 100 Count",Dietary Supplements,14.88,$14.88,14.9 ¢/count
"Nature Made Energy Vitamin B12 1000 mcg per Serving Gummies, Energy Metabolism Support, 160 Count",Dietary Supplements,9.98,$9.98,6.2 ¢/count
"Spring Valley Vitamin B1 Supplement Tablets for Metabolism Support, 250 mg, 100 Count",Vitamin Supplements,6.57,$6.57,6.6 ¢/count
"Spring Valley Glucosamine Sulfate Potassium Chloride Dietary Supplement Tablets for Joint Health, 1,000 mg, 200 Count",Dietary Supplements,12.44,$12.44,6.2 ¢/count
"Bloom Nutrition Greens & Superfoods Powder, Watermelon, 25 Servings",Dietary Supplements,29.98,$29.98,$5.98/oz
"Spring Valley Vitamin C with Rose Hips Dietary Supplement Tablets, 1000 mg, 250 Count",Dietary Supplements,9.74,$9.74,3.9 ¢/count
"Equate Extra Strength Energy Dietary Supplement, Caffeine 230mg, Grape Flavor, 6 Pack",Dietary Supplements,9.98,$9.98,83.2 ¢/fl oz
"Spring Valley Triple Strength Glucosamine Chondroitin Dietary Supplement Tablets for Joint Health, 160 Count",Dietary Supplements,19.94,$19.94,12.5 ¢/count
"(3 pack) Spring Valley Biotin Dietary Supplement Softgels for Hair/Skin/Nails Health, 10,000 mcg, 120 Count",Dietary Supplements,26.64,$26.64,7.4 ¢/count
"Tums Gummy Bites Dietary Supplement for Occasional Heartburn Relief, Assorted Fruit Flavors - 50 Count",Dietary Supplements,10.98,$10.98,22.0 ¢/count
"Spring Valley Triple Strength Glucosamine Chondroitin Dietary Supplement Tablets for Joint Health, 340 Count",Dietary Supplements,29.97,$29.97,8.8 ¢/count
"Spring Valley Vitamin C Dietary Supplement, Tropical Fruit, 500 mg, 200 Count, Chewable Tablets for Immune Health",Vitamin Supplements,6.97,$6.97,3.5 ¢/count
"(3 pack) Spring Valley Cinnamon Plus Chromium Dietary Supplement Capsules for Metabolism, 1000 mg, 180 Count",Dietary Supplements,29.91,$29.91,5.5 ¢/count
"Spring Valley Extra Strength Melatonin Tablets Dietary Supplement Value Size, 10 mg, 240 Count",Vitamin Supplements,11.48,$11.48,4.8 ¢/count
"Spring Valley Vitamin C Dietary Supplement, Orange Flavor, 500 mg, 60 Count, Chewable Tablets",Vitamin Supplements,3.96,$3.96,6.6 ¢/count
Mag-Ox 400 Magnesium Oxide Dietary Mineral Supplement Tablets 120 Count,Mineral Supplements,15.86,$15.86,13.2 ¢/count
"Spring Valley Proactive Support Omega-3 Fish Oil Dietary Supplement Softgels for Heart/General/Brain Health, 1000 mg, 120 Count",Dietary Supplements,18.97,$18.97,15.8 ¢/count
"(3 pack) Spring Valley Extra Strength Melatonin Tablets Sleep Support Dietary Supplement, 10 mg, 120 Count",Dietary Supplements,26.22,$26.22,7.3 ¢/count
"(3 pack) Spring Valley Super Vitamin B-Complex Dietary Supplement, 100 Count, Tablets for Metabolism Support",Vitamin Supplements,19.59,$19.59,6.5 ¢/count
"Spring Valley Vitamin C with Rose Hips, 1000 mg, 500 Count, Dietary Supplement Tablets",Vitamin Supplements,13.22,$13.22,2.6 ¢/count
"Bloom Nutrition Greens & Superfoods Powder, Frosted Lemonade, 25 Servings",Dietary Supplements,32.98,$32.98,$6.12/oz
"(3 pack) Spring Valley Non GMO Dietary Supplement Gummies, Apple Cider Vinegar, 500 mg, 60 Count",Dietary Supplements,26.79,$26.79,14.9 ¢/count
"Sanar Naturals Chia Seed Superfood, Dietary Fibers, Protein and Omega-3, Gluten Free, Vegan, 10 oz",Edible Seeds,9.43,$9.43,94.3 ¢/ounces
"Equate Calcium + D3 Tablets Dietary Supplement, 600 mg, 120 Count, Compare to Caltrate 600+D3",Dietary Supplements,7.98,$7.98,6.7 ¢/count
"Spring Valley Acetyl L-Carnitine HCI 400 mg + Alpha Lipoic Acid 200 mg Capsules, 50 Count",Dietary Supplements,9.74,$9.74,19.5 ¢/count
"(3 pack) Spring Valley Magnesium Bone & Muscle Health Dietary Supplement Tablets, 250 mg, 100 Count",Dietary Supplements,11.22,$11.22,3.7 ¢/count
"Spring Valley Rapid-Release CoQ10 Dietary Supplement, 400mg, 30 Softgels",Dietary Supplements,14.58,$14.58,48.6 ¢/count
"Leonflax 100% Authentic Canadian Flax Seed Dietary Supplement, 18oz Bag",Dietary Supplements,11.28,$11.28,62.7 ¢/oz
"Nature Made Vitamin D3 1000 IU (25 Mcg) Tablets, Dietary Supplement for Bone and Immune Health Support, 210 Count",Vitamin Supplements,6.98,$6.98,3.3 ¢/count
"Goli Nutrition Apple Cider Vinegar Zero Sugar Apple Cider Gummies, 60 Count",Dietary Supplements,17.97,$17.97,30.0 ¢/count
"(3 pack) Spring Valley Ginkgo Biloba Extract Dietary Supplement Vegetarian Capsules for Memory Support, 120 mg, 90 Count",Dietary Supplements,32.88,$32.88,12.2 ¢/count
"(2 pack) Spring Valley Calcium Plus Vitamin D3, Dietary Supplement, 150 Mini Softgels",Dietary Supplements,17.76,$17.76,5.9 ¢/count
"Nugenix Ultra Total and Free Testosterone Booster for Men, Dietary Supplement, 45 Count",Herbal Supplements,40.42,$40.42,89.8 ¢/count
"(3 pack) Spring Valley Apple Cider Vinegar General Health & Wellness Dietary Supplement Capsules, 450 mg, 250 Count",Dietary Supplements,37.44,$37.44,5.0 ¢/count
"Nature's Bounty Zinc, Immune and Antioxidant Support, Dietary Supplement, 50mg, Caplets, 200 Ct",Mineral Supplements,7.58,$7.58,3.8 ¢/count
"(3 pack) Spring Valley General Health & Wellness Iron Tablets Dietary Supplement Value Size, 65 mg, 200 Count",Dietary Supplements,14.22,$14.22,2.4 ¢/count
"(3 pack) Spring Valley Super Vitamin B-Complex, 250 Count, Dietary Supplement Tablets for Metabolism Support",Vitamin Supplements,26.46,$26.46,3.5 ¢/count
"(3 pack) Spring Valley Magnesium Dietary Supplement Tablets for Bone and Muscle Health, 250 mg, 250 Count",Dietary Supplements,20.22,$20.22,2.7 ¢/count
"Spring Valley Calcium Plus Vitamin D Tablets, 600 mg, 250 Count,  Dietary Supplement",Vitamin Supplements,6.12,$6.12,2.4 ¢/count
"Spring Valley Maximum Care Omega-3 from Fish Oil Dietary Supplement Softgels for Eye Brain Bone & Heart Health, 2000 mg, 180 Count",Omega Fatty Acid Supplements,24.73,$24.73,13.7 ¢/count
"Osteo Bi-Flex One Per Day Joint Health Dietary Supplement Glucosamine HCI and Vitamin D3, 30 Count",Dietary Supplements,13.28,$13.28,44.3 ¢/count
"Spring Valley Calcium Plus Vitamin D3, Dietary Supplement, 150 Mini Softgels",Vitamin Supplements,8.88,$8.88,5.9 ¢/count
"(3 pack) Spring Valley Melatonin Sleep Dietary Supplement Fast-Dissolve Tablets, Strawberry, 5 mg, 120 Count",Dietary Supplements,20.64,$20.64,5.7 ¢/count
"(3 pack) Spring Valley Zero Sugar Vitamin D Gummies, 50 mcg (2,000 IU), 120 Count Dietary Supplement for Bone and Immune Health",Vitamin Supplements,29.28,$29.28,8.1 ¢/count
"(3 pack) Equate Non GMO Dietary Supplement Gummies, Apple Cider Vinegar, 500 mg, 60 Count, Compare to Goli Apple Cider Vinegar Gummies",Dietary Supplements,34.26,$34.26,19.0 ¢/count
(3 pack) Mag-Ox 400 Magnesium Oxide Dietary Mineral Supplement Tablets 120 Count,Mineral Supplements,47.58,$47.58,13.2 ¢/count
"(3 pack) Spring Valley Zero Sugar Vitamin C Dietary Supplement Vegetarian Gummies for Immune Health, Orange Flavor, 250 mg, 120 Count",Vitamin Supplements,29.31,$29.31,8.1 ¢/count
"Equate Extra Strength Krill Oil Dietary Supplement, 500 mg, 45 Count, Compare to MegaRed Extra Strength",Dietary Supplements,14.88,$14.88,33.1 ¢/count
"Natures Bounty Zinc 50 mg Caplets, Immune Support, DietarySupplement, Non-GMO, Gluten-Free, 100 Count",Mineral Supplements,3.47,$3.47,3.5 ¢/count
"(3 pack) Spring Valley Vitamin C Dietary Supplement, Tropical Fruit, 500 mg, 200 Count, Chewable Tablets for Immune Health",Vitamin Supplements,20.91,$20.91,3.5 ¢/count
"(3 pack) Equate Brain Health 5 Function Formula Capsules Dietary Supplement, 30 Count",Dietary Supplements,64.86,$64.86,72.1 ¢/count
"Equate Calcium Citrate + D3 Tablets Dietary Supplement, 630 mg, 180 Count, Compare to Citracal Maximum",Dietary Supplements,9.66,$9.66,5.4 ¢/count
"(3 pack) Spring Valley Extra Strength Melatonin Tablets Dietary Supplement Value Size, 10 mg, 240 Count",Dietary Supplements,34.44,$34.44,4.8 ¢/count
"(3 pack) Spring Valley Standardized Extract Milk Thistle Dietary Supplement Capsules, 175 mg, 180 Capsules",Dietary Supplements,29.64,$29.64,5.5 ¢/count
"(3 pack) Spring Valley Vitamin B1 Supplement Tablets for Metabolism Support, 250 mg, 100 Count",Vitamin Supplements,19.71,$19.71,6.6 ¢/count
"(2 pack) Nugenix Ultra Total and Free Testosterone Booster for Men, Dietary Supplement, 45 Count",Dietary Supplements,80.84,$80.84,89.8 ¢/count
"(3 pack) Equate Calcium + D3 Tablets Dietary Supplement, 600 mg, 120 Count, Compare to Caltrate 600+D3",Dietary Supplements,26.34,$26.34,7.3 ¢/count
"Santo Remedio Magnesium Tablets, Dietary Supplement, 300 mg, 30 Count, Mood and Inflammation Support",Mineral Supplements,7.48,$7.48,24.9 ¢/count
"(3 pack) Spring Valley Rapid-Release CoQ10 Heart Health Dietary Supplement Softgels, 100 mg, 120 Count",Dietary Supplements,50.01,$50.01,13.9 ¢/count
"Vital Proteins Chocolate Collagen Peptide, 13.5 oz",Protein Supplements,20.74,$20.74,$1.54/oz
"Equate Krill Oil Dietary Supplement, 350 mg, 65 Count, Compare to MegaRed®",Omega Fatty Acid Supplements,15.88,$15.88,24.4 ¢/count
"(2 pack) Goli Nutrition Apple Cider Vinegar Zero Sugar Apple Cider Gummies, 60 Count",Dietary Supplements,35.94,$35.94,30.0 ¢/count
"Nature Made Iron 65 mg (325 mg Ferrous Sulfate) Tablets, Dietary Supplement, 150 Count",Mineral Supplements,5.88,$5.88,3.9 ¢/count
"Santo Remedio, Turmeric Supports Joint Health, Dietary Supplement, 1650 mg, 90 Count, Unisex",Herbal Supplements,11.48,$11.48,12.8 ¢/count
"Prevagen Regular Strength Capsules, 30 Count",Dietary Supplements,37.95,$37.95,$1.27/count
"Humann SuperBeets Strawberry Heart Gummies - Beetroot & Grape Seed Extract, 60 Count",Dietary Supplements,19.97,$19.97,33.3 ¢/count
"(3 pack) Spring Valley Extra Strength Vitamin B12 Supplement, 5000 mcg, Berry, 2 fl oz, Fast Acting Liquid for Metabolism Support",Vitamin Supplements,20.64,$20.64,$3.44/fl oz
"(3 pack) Goli Nutrition Apple Cider Vinegar Zero Sugar Apple Cider Gummies, 60 Count",Dietary Supplements,53.91,$53.91,30.0 ¢/count
"Spring Valley Calcium, Magnesium & Zinc Plus Vitamin D3 Coated Caplets, 250 Count",Dietary Supplements,6.57,$6.57,2.6 ¢/count
"Vital Proteins Collagen Peptides Powder Supplement for Hair, Skin and Nails, Unflavored Collagen Support, 10 oz",Protein Supplements,20.74,$20.74,$2.07/oz
"(3 pack) Spring Valley Sublingual Vitamin B12 Supplement, Cherry Flavor, 500 mcg, 200 Count, Microlozenges for Metabolism Support",Vitamin Supplements,11.88,$11.88,2.0 ¢/count
"(2 pack) Goli Nutrition Apple Cider Vinegar Vegan Gummies, 60 Count",Dietary Supplements,27.98,$27.98,23.3 ¢/count
"Humann SuperBeets Heart Tablets Smooth Coat 500mg, 60 Count",Dietary Supplements,22.97,$22.97,38.3 ¢/count
"(3 pack) Spring Valley Vitamin B12 Supplement, 2500 mcg, Cherry, 120 Count, Quick-Dissolve Tablets",Vitamin Supplements,24.66,$24.66,6.9 ¢/count
"(3 pack) Spring Valley Extra Strength Vitamin B12 Supplement, Raspberry Flavor, 3000 mcg, 100 Count, Vegetarian Gummies for Metabolism Support",Vitamin Supplements,29.64,$29.64,9.9 ¢/count
"(2 pack) Force Factor Total Beets, Beet Root Supplement with Beetroot Powder for Heart Health, Nitric Oxide & Energy, Acai Berry, 60 Soft Chews",Dietary Supplements,23.84,$23.84,19.9 ¢/count
"Spring Valley Triple Omega, Fish Oil 800mg, Flax Oil 800mg, and Borage Oil Softgels, Heart Health Dietary Supplement, 120 Count",Omega Fatty Acid Supplements,6.88,$6.88,5.7 ¢/count
"(3 pack) Spring Valley Extra Strength Vitamin B12, Cherry, 5000 mcg, 60 Count, Supplement Fast Dissolve Tablets for Metabolism Support",Vitamin Supplements,27.36,$27.36,15.2 ¢/count
"(3 pack) Goli Nutrition Apple Cider Vinegar Vegan Gummies, 60 Count",Dietary Supplements,41.97,$41.97,23.3 ¢/count
"Nutricost Nitric Oxide Booster (2250mg) 90 Capsules -  Gluten Free, Non-GMO, 750mg Per Casule, 30 Servings",Dietary Supplements,6.98,$6.98,7.8 ¢/count
"(3 pack) Spring Valley Vitamin B12 Supplement Vegetarian Gummies for Metabolism Support, Raspberry Flavor, 500 mcg, 200 Count",Vitamin Supplements,29.64,$29.64,4.9 ¢/count
"Vital Proteins Collagen Peptides Powder Supplement for Hair, Skin, and Nails, Unflavored Collagen Support, 20 oz",Protein Supplements,33.27,$33.27,$1.66/oz
"(3 pack) Spring Valley Zero Sugar Collagen Peptides Gummies for Hair/Skin/Nails Health, Peach and Raspberry Flavors, 2,500 mg, 60 Count",Dietary Supplements,40.02,$40.02,22.2 ¢/count
"Force Factor NAD+ Longevity, Healthy Aging NAD Supplement, Resveratrol & Nicotinamide for Cellular Energy & Cognitive Health, Chocolate, 60 Soft Chews",Dietary Supplements,29.97,$29.97,50.0 ¢/count
"Force Factor Total Beets Ultimate Heart Health, Blood Pressure Support with CoQ10 & Beet Root for Nitric Oxide & Energy, Berry, 60 Soft Chews",Vitamin Supplements,31.47,$31.47,52.5 ¢/count
"(3 pack) Spring Valley Extra Strength Vitamin B12 Supplement, Raspberry Flavor, 3000 mcg, 200 Count, Vegetarian Gummies for Metabolism Support",Vitamin Supplements,52.44,$52.44,8.7 ¢/count
"(3 pack) Spring Valley Advanced Formula Digestive Enzymes Vegetarian Capsules For Digestive Health, 60 Count",Dietary Supplements,38.94,$38.94,21.6 ¢/count
"(4 pack) Spring Valley Vitamin B12 Supplement Vegetarian Gummies for Metabolism Support, Raspberry Flavor, 500 mcg, 100 Count",Vitamin Supplements,23.76,$23.76,5.9 ¢/count
"(2 pack) Force Factor Total Beets Blood Pressure Support, Beet Root Supplement for Nitric Oxide, Circulation, Heart Health & Energy, Acai Berry, 60 Soft Chews",Dietary Supplements,44.94,$44.94,37.5 ¢/count
"Vital Proteins Grass-Fed Collagen Peptides Powder Supplement, Vanilla Flavor, 11.5 oz - Joint, Hair, Skin, and Nails Support",Protein Supplements,20.74,$20.74,$1.80/oz
"(2 pack) Force Factor Total Beets Ultimate Heart Health, Blood Pressure Support with CoQ10 & Beet Root for Nitric Oxide & Energy, Berry, 60 Soft Chews",Dietary Supplements,62.94,$62.94,52.5 ¢/count
"Humann SuperBeets Heart Chews Blood Pressure Support, Cherry Berry Flavor, 56 Count",Dietary Supplements,29.97,$29.97,53.5 ¢/count
"Qunol Turmeric and Ginger Capsules, Capsules | 1650mg, 90 Count",Herbal Supplements,24.96,$24.96,27.7 ¢/count
"(3 pack) Force Factor Total Beets Blood Pressure Support, Beet Root Supplement for Nitric Oxide, Circulation, Heart Health & Energy, Acai Berry, 60 Soft Chews",Dietary Supplements,67.41,$67.41,37.5 ¢/count
"(3 pack) Prevagen Regular Strength Capsules, 60 Ct",Dietary Supplements,203.85,$203.85,$1.13/count
"(3 pack) Force Factor Total Beets Ultimate Heart Health, Blood Pressure Support with CoQ10 & Beet Root for Nitric Oxide & Energy, Berry, 60 Soft Chews",Dietary Supplements,94.41,$94.41,52.5 ¢/count
"Diurex Bloat Reliever, Maximum Strength Re-Energizing Diuretic, 90 Count",Dietary Supplements,9.97,$9.97,11.1 ¢/count
"Neuriva Memory 3D Brain Health Supplement for Adults, Memory Support with Vitamins B6 & B12, 30 Count",Multivitamin Supplements,39.97,$39.97,$1.33/count
"SUPER MACHO Natural Vitamin B Supplement with Amino Acids, Ginseng & Zinc for Adult Males, 50 Count",Amino Acid Supplements,11.36,$11.36,22.7 ¢/count
"(3 pack) Prevagen Regular Strength Capsules, 30 Count",Dietary Supplements,113.85,$113.85,$1.27/count
"Force Factor Vegan Collagen Boosting Superfoods, Hair, Skin & Nails Supplement with Biotin, Vitamins & Antioxidants, Tropical Fruit, 60 Soft Chews",Dietary Supplements,14.98,$14.98,25.0 ¢/count
"(3 pack) Prevagen Extra Strength Chewable Tablets, Mixed Berry, 30 Ct",Dietary Supplements,179.61,$179.61,$2.00/count
"Spring Valley Fast Dissolve Zinc with Vitamin C Chewable Tablets for Immune Health, Orange Flavor, 150 Count",Dietary Supplements,5.97,$5.97,4.0 ¢/count
"(2 pack) Spring Valley Calcium, Magnesium & Zinc Plus Vitamin D3 Coated Caplets, 250 Count",Mineral Supplements,13.14,$13.14,2.6 ¢/count
"(4 pack) Spring Valley Organic Biotin Vegetarian Gummies, Strawberry Flavor, 2500mcg, 60 Count",Dietary Supplements,27.52,$27.52,11.5 ¢/count
"S.S.S. Tonic, Iron and Vitamin B Supplement, High Potency Vitamins, Bottle,10 Fl Oz",Vitamin Supplements,10.27,$10.27,$1.03/fl oz
"AZO Cranberry Urinary Tract Health Supplement, Helps Cleanse & Protect for Reduced UTIs, 100 Count",Dietary Supplements,12.13,$12.13,12.1 ¢/count
"(2 pack) SUPER MACHO Natural Vitamin B Supplement with Amino Acids, Ginseng & Zinc for Adult Males, 50 Count",Vitamin Supplements,22.72,$22.72,22.7 ¢/count
"Nugenix T-Booster Free Testosterone Booster for Men, Hormone Supplement, 42 Capsules, 14 Day Supply",Hormone Supplements,28.27,$28.27,67.3 ¢/count
"(2 pack) S.S.S. Tonic, Iron and Vitamin B Supplement, High Potency Vitamins, Bottle,10 Fl Oz",Vitamin Supplements,20.54,$20.54,$1.03/fl oz
"Spring Valley Organic Biotin Vegetarian Gummies, Strawberry Flavor, 2500mcg, 60 Count",Vitamin Supplements,6.88,$6.88,11.5 ¢/count
"Spring Valley Vitamin D3 Softgels, 25 mcg (1000 IU), 450 Count, Supplement for Bone and Immune Health",Vitamin Supplements,7.74,$7.74,1.7 ¢/count
"Simple Y Entero Graviola and Guanabana with 100% Leaf Powder, Boosts Your Immune System, 8 oz Bag",Herbal Supplements,11.98,$11.98,$1.50/oz
"Spring Valley Extra Strength Water Dispersible Vitamin E Supplement Softgels for Heart Health, 450 mg (1,000 IU), 100 Count",Vitamin Supplements,16.37,$16.37,16.4 ¢/count
"Suja Organic Detox Blood Orange Shot, 1.7 fl oz Bottle",Juices,2.58,$2.58,$1.52/fl oz
"(4 pack) Spring Valley Extra Strength Water Dispersible Vitamin E Supplement Softgels for Heart Health, 450 mg (1,000 IU), 100 Count",Vitamin Supplements,65.48,$65.48,16.4 ¢/count
"Nature's Bounty Calcium + Vitamin D3 1000 iu, Bone Health Mineral Supplement, 1200 Mg, Softgels, 120 Count",Vitamin Supplements,6.78,$6.78,5.7 ¢/count
"BetterBody Foods Organic Cacao Powder, Gluten-Free, 16 oz",Powdered Baking Cocoa,17.78,$17.78,$1.11/oz
"Carnation Breakfast Essentials Powder Protein Nutritional Shake Drink Mix Packets, Rich Milk Chocolate Breakfast Shake, 22 Count",Nutrition Drinks,9.97,$9.97,36.0 ¢/oz
"Equate Extra Strength Krill Oil Dietary Supplement, 500mg, 150 Count, Compare to MegaRed® Extra Strength",Omega Fatty Acid Supplements,24.47,$24.47,16.3 ¢/count
"Spring Valley Vitamin D3 Gummies, 50 mcg, 160 Count, Supplement for Bone and Immune Health, Assorted Fruit",Vitamin Supplements,7.79,$7.79,4.9 ¢/count
"Ocuvite Eye Health Eye Vitamins and Minerals with Lutein and Zeaxanthin and Omega 3 Softgels, 30 Count",Multivitamin Supplements,9.96,$9.96,33.2 ¢/count
"PreserVision AREDS Eye Vitamins and Minerals with Beta Carotene Softgels, 120 Count",Multivitamin Supplements,27.74,$27.74,23.1 ¢/count
"(3 pack) Spring Valley Vitamin D3 Gummies, 50 mcg, 160 Count, Supplement for Bone and Immune Health, Assorted Fruit",Vitamin Supplements,23.37,$23.37,4.9 ¢/count
"MaryRuth Organics Kids Liquid Multivitamin for Children's Health Ages 1+, Strawberry Melon Splash, 15.22 oz",Multivitamin Supplements,21.98,$21.98,$1.44/fl oz
"Sunshine Naturals Aloe Vera & Vitamin E Cream Breakable Cream Ampoules, 60 Count",Vitamin Supplements,10.48,$10.48,17.5 ¢/count
"(2 pack) Ocuvite Eye Health Eye Vitamins and Minerals with Lutein and Zeaxanthin and Omega 3 Softgels, 30 Count",Multivitamin Supplements,19.92,$19.92,33.2 ¢/count
"Equate Nicotine Lozenge 2 mg, Stop Smoking Aid, Cherry Flavor, 108 Count",Nicotine Gums & Lozenges,34.94,$34.94,32.4 ¢/count
"Equate Nicotine Lozenge 4 mg, Stop Smoking Aid, Cherry Flavor, 108 Count",Nicotine Gums & Lozenges,34.94,$34.94,32.4 ¢/count
"Enfamil Baby Vitamin D-Vi-Sol Liquid Vitamin D Drops, Supports Strong Teeth & Bone Development, 50mL Bottle",Vitamin Supplements,10.47,$10.47,$6.27/fl oz
"(3 pack) Enfamil Baby Vitamin D-Vi-Sol Liquid Vitamin D Drops, Supports Strong Teeth & Bone Development, 50mL Bottle",Vitamin Supplements,29.91,$29.91,$5.90/fl oz
"Liquid I.V.® Lemon Lime Hydration Multiplier® Powdered Electrolyte Drink Mix, 6 Count Packets",Drink Mixes,9.42,$9.42,$2.79/oz
"Dole Powder Drink Mix Variety Pack, Tropical, Peach Mango & Strawberry Pineapple, Sugar-Free, 30 Ct",Drink Mixes,4.48,$4.48,$1.57/oz
"True Lemon Strawberry Lemonade Drink Mix Powder, No Artificial Sweeteners, 1.06 oz., 10 Count Box",Drink Mixes,2.48,$2.48,$2.34/oz
"Crystal Light Fruit Punch Sugar Free Drink Mix Caffeine Free, 6 Ct Pitcher Packets, Powders",Drink Mixes,3.12,$3.12,$1.53/oz
"Great Value Sugar-Free WaterTok Variety Pack Drink Mix, 2.53 oz, 30 Count",Drink Mixes,4.98,$4.98,$1.97/oz
"Great Value Sugar-Free Classic Variety Pack Drink Mix, 3.17 oz, 30 Count",Drink Mixes,4.98,$4.98,$1.57/oz
"Great Value Sugar-Free Orange Early Rise Drink Mix, 0.14 oz, 10 Count",Drink Mixes,1.98,$1.98,$1.40/oz
"Hawaiian Punch Powder Drink Mix Variety Pack, Red, Blue, & Purple, Sugar-Free, 30 Count",Drink Mixes,4.48,$4.48,$1.49/oz
"Great Value Sugar-Free Strawberry Watermelon Powdered Drink Mix, 0.42 oz, 6 Packets",Drink Mixes,2.37,$2.37,94.8 ¢/oz
4C Energy Rush with Taurine Variety Pack Drink Mix,Drink Mixes,4.68,$4.68,94.0 ¢/oz
"Kool-Aid Sugar Sweetened Tropical Punch Powdered Drink Mix, 19 oz. Canister",Drink Mixes,3.84,$3.84,20.2 ¢/oz
"Great Value Sugar-Free Strawberry Watermelon Powdered Drink Mix, 0.11 oz, 10 Packets",Drink Mixes,1.98,$1.98,$1.80/oz
"Skittles Zero Sugar Wild Berry Singles-to-Go Packs, Powdered Drink Mix, 2.88 oz, 30 Count Packets",Drink Mixes,4.87,$4.87,$1.69/oz
"Great Value Fruit Punch Drink Mix, 0.78 oz, 10 Count",Drink Mixes,1.98,$1.98,$2.48/oz
"Great Value Strawberry Orange Banana Drink Mix Powder, 0.4 oz, 6 Count",Drink Mixes,2.37,$2.37,$1.00/oz
"Sonic Limeade Sugar-Free Variety Pack Singles to Go Powdered Drink Mix, 30 Count Packets",Drink Mixes,4.87,$4.87,$1.81/oz
"Great Value Antioxidant Blackberry Lemonade Liquid Drink Mix, Sugar-Free, 1.41 oz, 10 Count",Drink Mixes,1.98,$1.98,$1.40/oz
"Great Value Sugar-Free Grape Drink Mix Powder, 1.9 oz, 6 Count",Drink Mixes,2.37,$2.37,$1.25/oz
"Great Value Sugar-Free Lemonade Drink Mix, 0.14 oz, 10 Count",Drink Mixes,1.98,$1.98,$1.40/oz
"Kool-Aid Unsweetened Tropical Punch Powdered Drink Mix, 0.16 oz. Packet",Drink Mixes,0.42,$0.42,$2.63/oz
"Kool-Aid Unsweetened Black Cherry Powdered Soft Drink Mix, 0.13 oz Packet, Powders",Drink Mixes,0.42,$0.42,$3.23/oz
"Great Value Electrolyte Vitamin Enhanced Strawberry Kiwi Drink Mix, 0.08 oz, 10 Count",Drink Mixes,2.08,$2.08,$2.60/oz
"Skittles Zero Sugar Variety Pack Singles-to-Go Powdered Drink Mix, Tropical, 30 Count Packets",Drink Mixes,4.87,$4.87,$1.61/oz
"Great Value Sugar-Free Fruit Punch Drink Mix Powder, 1.9 oz, 6 Count",Drink Mixes,2.37,$2.37,$1.25/oz
"Great Value Sugar-Free Raspberry Lemonade Powdered Drink Mix, 0.07 oz, 10 Count",Drink Mixes,1.98,$1.98,$2.48/oz
Great Value Tropical Punch 26 QT,Drink Mixes,7.74,$7.74,12.3 ¢/oz
"Great Value Sugar-Free Grape Powdered Drink Mix, 0.77 oz, 10 Packets",Drink Mixes,1.98,$1.98,$2.57/oz
"Great Value Sugar-Free Lemonade Drink Mix Powder, 0.53 oz, 6 Count",Drink Mixes,2.37,$2.37,74.1 ¢/oz
"Great Value Electrolyte Mixed Berries Liquid Drink Mix, Sugar-Free, 0.85 oz, 10 Count",Drink Mixes,2.08,$2.08,$2.31/oz
"Kool-Aid Unsweetened Watermelon Powdered Soft Drink Mix, 0.15 oz Packet, Powders",Drink Mixes,0.42,$0.42,$2.80/oz
"Pure Kick Energy & Hydration Electrolyte Powdered Drink Mix Variety pack, 30 Count Packets",Drink Mixes,5.97,$5.97,$1.79/oz
"Great Value Sugar-Free Cherry Drink Mix, 0.78 oz, 10 Count",Drink Mixes,1.98,$1.98,$2.54/oz
"Great Value Sugar-Free Pink Lemonade Drink Mix, 0.14 oz, 10 Count",Drink Mixes,1.98,$1.98,$1.40/oz
"Welch's Zero Sugar Variety Pack Singles to Go Powdered Drink Mix, Grape, Passion Fruit, Strawberry Peach, Cherry Pomegranate, 30 Count Packets",Drink Mixes,4.78,$4.78,$2.00/oz
"Great Value Sugar-Free Drink Mix Powder, Berry Pomegranate, 0.42 oz, 6 Count",Drink Mixes,2.37,$2.37,94.8 ¢/oz
Starburst Zero Sugar Singles-to-Go Powdered Drink Mix All Pink Strawberry 6 Count Packets,Drink Mixes,1.17,$1.17,$2.72/oz
"Great Value Sugar-Free Cherry Powder Drink Mix, 1.9 oz, 6 Count",Drink Mixes,2.37,$2.37,$1.25/oz
"Great Value Strawberry Mango Powdered Liquid Drink Mix, Sugar-Free, 0.99 oz, 10 Packets",Drink Mixes,1.98,$1.98,$2.00/oz
"Skittles Zero Sugar Variety Pack Singles-to-Go Powdered Drink Mix, Original, 30 Count Packets",Drink Mixes,4.87,$4.87,$1.87/oz
"Crystal Light Fruit Punch Artificially Flavored Powdered Drink Mix, 10 ct. On-the-Go-Packets",Drink Mixes,3.12,$3.12,$3.47/oz
"Great Value Sugar-Free Peach Mango Green Tea Powdered Drink Mix, 0.08 oz, 10 Count",Drink Mixes,1.98,$1.98,$2.48/oz
"Great Value Energy Peach Mango Drink Mix, 0.09 oz, 10 Count",Drink Mixes,1.98,$1.98,$2.20/oz
"Great Value Wild Strawberry Drink Mix, 10 Count",Drink Mixes,2.08,$2.08,$1.89/oz
"Great Value Sugar-Free Cherry Pomegranate Antioxidant Powdered Drink Mix, 0.11 oz, 10 Count",Drink Mixes,1.98,$1.98,$1.68/oz
"Great Value Tropical Mango Punch Drink Mix, 0.10 oz, 10 Count Packets",Drink Mixes,1.98,$1.98,$2.00/oz
"Great Value Sugar-Free Dragon Fruit Energy Drink Mix, 0.08 oz, 10 Count",Drink Mixes,2.08,$2.08,$2.36/oz
"Crush Pineapple Powder Drink Mix, Sugar-Free, 6 Count",Drink Mixes,1.27,$1.27,$2.40/oz
"Great Value Sugar-Free Tropical Melon Drink Mix, 0.5 oz, 10 Count",Drink Mixes,1.98,$1.98,$3.96/oz
"Crush Orange Powder Drink Mix, Sugar-Free, 6 Count",Drink Mixes,1.27,$1.27,$2.35/oz
"Country Time Lemonade Naturally Flavored with other natural flavor Powdered Drink Mix, 19 oz Canister",Drink Mixes,3.97,$3.97,16.6 ¢/oz
"Great Value Sugar-Free Iced Tea with Peach Powdered Drink Mix, 0.07 oz, 10 Packets",Drink Mixes,1.98,$1.98,$2.83/oz
"Country Time Pink Lemonade Naturally Flavored with other natural flavor Powdered Drink Mix, 19 oz Canister",Drink Mixes,3.97,$3.97,16.6 ¢/oz
"Great Value Energy Pomegranate Lemonade Drink Mix, 0.09 oz, 10 Count",Drink Mixes,2.08,$2.08,$2.31/oz
"Great Value Energy Drink Mix, Sugar Free Blueberry Acai, 0.08 oz, 10 Count",Drink Mixes,2.08,$2.08,$2.36/oz
"Crush Grape Powder Drink Mix, Sugar-Free, 6 Count",Drink Mixes,1.27,$1.27,$2.70/oz
"Great Value Raspberry Lemonade Liquid Drink Mixes, 3.11 fl oz",Drink Mixes,3.93,$3.93,$2.43/fl oz
Great Value Pink Lemonade 26 QT,Drink Mixes,7.74,$7.74,12.3 ¢/oz
Great Value Lemonade 26 QT,Drink Mixes,7.74,$7.74,12.3 ¢/oz
"Great Value Energy Cherry Slush Drink Mix, 0.11 oz, 10 Count",Drink Mixes,1.98,$1.98,$1.87/oz
"Great Value Liquid Drink Enhancer, Strawberry Watermelon, 1.62 fl oz",Drink Mixes,2.58,$2.58,$1.59/fl oz
"Great Value Sugar-Free Grape Energy Powdered Drink Mix, 1.1 oz, 10 Packets",Drink Mixes,2.08,$2.08,$1.89/oz
"Crystal Light Wild Strawberry Artificially Flavored Powdered Drink Mix with Caffeine, 10 ct On-the-Go-Packets",Drink Mixes,3.28,$3.28,$2.98/oz
"Crystal Light Raspberry Lemonade Artificially Flavored Powdered Drink Mix, 10 ct. On-the-Go-Packets",Drink Mixes,3.12,$3.12,$3.90/oz
"Kool-Aid Unsweetened Blue Raspberry Lemonade Powdered Drink Mix, 0.22 oz. Packet",Drink Mixes,0.42,$0.42,$1.91/oz
"Great Value Sugar-Free Orange Blast Drink Mix Powder, 0.56 oz, 5 Count",Drink Mixes,2.37,$2.37,84.0 ¢/oz
"True Lime Black Cherry Limeade Drink Mix Powder, No Artificial Sweeteners, 1.06 oz., 10 Count Box",Drink Mixes,2.48,$2.48,$2.34/oz
"Great Value Iced Tea with Peach Liquid Drink Mix, 0.25 oz, 6 Count",Drink Mixes,2.37,$2.37,$1.58/oz
"Great Value Sweet Tea Drink Mix, 0.09 oz, 10 Count",Drink Mixes,1.98,$1.98,$2.20/oz
"Great Value Iced Tea with Lemon Drink Mix, 0.07 oz, 10 Count",Drink Mixes,1.98,$1.98,$2.83/oz
"Great Value Energy Electrolyte Watermelon Limeade Liquid Drink Mix, Sugar-Free, 1.1 oz, 10 Packet",Drink Mixes,2.08,$2.08,$1.89/oz
"Crystal Light Lemonade Naturally Flavored with other natural flavor Powdered Drink Mix, 6 ct Pitcher Packets",Drink Mixes,3.12,$3.12,97.5 ¢/oz
"Crystal Light Liquid Strawberry Lemonade Naturally Flavored Drink Mix, 1.62 fl oz Bottle",Drink Mixes,3.13,$3.13,$1.93/fl oz
"Kool-Aid Unsweetened Grape Powdered Drink Mix, 0.14 oz. Packet",Drink Mixes,0.42,$0.42,$3.00/oz
"Crystal Light Lemonade Naturally Flavored Powdered Drink Mix, 10 ct On-the-Go-Packets",Drink Mixes,3.12,$3.12,$2.23/oz
"Tang Drink Powder, Orange, Vitamin C, Caffeine Free, 20 oz Jar",Drink Mixes,3.84,$3.84,19.2 ¢/oz
"Great Value Strawberry Watermelon Liquid Drink Enhancer, 3.11 fl oz",Drink Mixes,3.93,$3.93,$1.26/fl oz
"Great Value Tropical Pineapple Mango Drink Enhancer, 3.11 fl oz Bottle",Drink Mixes,3.93,$3.93,$1.26/fl oz
"Kool-Aid Liquid Tropical Punch Naturally Flavored Soft Drink Mix, 1.62 fl oz Bottle",Drink Mixes,2.92,$2.92,$1.80/fl oz
"Crystal Light Sweet Tea Sugar Free Drink Mix, 6 Ct Pitcher Packets",Drink Mixes,3.12,$3.12,$2.00/oz
"Great Value Mixed Berry Drink Enhancer Liquid, 3.1 fl oz",Drink Mixes,3.93,$3.93,$1.26/fl oz
"Crystal Light Peach Mango Naturally Flavored Powdered Drink Mix with Caffeine, 10 ct On-the-Go-Packets",Drink Mixes,3.28,$3.28,$4.69/oz
"Kool-Aid Sugar-Sweetened Cherry Powdered Soft Drink Mix, 19 oz Canister, Powders",Drink Mixes,3.84,$3.84,20.2 ¢/oz
"Great Value Strawberry Watermelon Clear Liquid Drink Enhancer, 3.1 fl oz Bottle",Drink Mixes,3.96,$3.96,$1.27/fl oz
"Crystal Light Drink Mix, 10 Packets, for Convenient On-the-Go Flavorful Hydration, Naturally flavored with other natural flavor Raspberry Green Tea, Zero Sugar, 0.96 oz",Drink Mixes,3.12,$3.12,$3.25/oz
"Crystal Light Energizing Variety Pack, 44 ct On-the-Go Drink Mix Packets, Powders",Drink Mixes,11.92,$11.92,$2.85/oz
"Stur Strawberry Watermelon Drink Mix, Liquid Water Enhancer, Sugar-Free, 1.62oz",Drink Mixes,3.28,$3.28,$2.03/oz
"(3 pack) Dole Powder Drink Mix Variety Pack, Tropical, Peach Mango & Strawberry Pineapple, Sugar-Free, 30 Ct",Drink Mixes,13.44,$13.44,$1.57/oz
"Gatorade G Zero Sports Drink Glacier Freeze, Powdered Energy Drink Mix, 0.10 oz, 10 Count Packets",Drink Mixes,4.58,$4.58,$4.24/oz
"Kool-Aid Unsweetened Orange Powdered Soft Drink Mix, 0.15 oz Packet, Powders",Drink Mixes,0.42,$0.42,$2.80/oz
"Crystal Light Drink Mix, 10 Packets, for Convenient On-the-Go Flavorful Hydration, Naturally flavored with other natural flavor Lemon Iced Tea, Zero Sugar, 0.7 oz",Drink Mixes,3.12,$3.12,$4.46/oz
"Crystal Light Grape Naturally Flavored Powdered Drink Mix with Caffeine, 10 ct. On-the-Go-Packets",Drink Mixes,3.28,$3.28,$2.98/oz
"Propel Electrolyte Enhanced Water Drink Mix Powder Packets, Grape, Zero Calorie & Zero Sugar Hydration with Electrolytes and Vitamins C & E, (10 Packets)",Drink Mixes,4.58,$4.58,$5.21/oz
"Gatorade Thirst Quencher Fruit Punch, Powdered Energy Drink Mix, 50.9 oz, 1 Count",Drink Mixes,11.98,$11.98,23.5 ¢/oz
"Taste Salud, Hydration + Immunity Drink Mix, Jamaica, 1.27 oz",Drink Mixes,9.98,$9.98,$7.86/oz
"Crystal Light Drink Mix, 10 Packets, for Convenient On-the-Go Flavorful Hydration, Naturally flavored with other natural flavor Peach Mango Green Tea, Zero Sugar, 0.8 oz",Drink Mixes,3.12,$3.12,$3.90/oz
"Crystal Light Drink Mix, 10 Packets, for Convenient On-the-Go Flavorful Hydration, Artificially flavored Peach Iced Tea, Zero Sugar, 0.7 oz",Drink Mixes,3.12,$3.12,$4.46/oz
"(2 pack) Crystal Light Liquid Blueberry Raspberry Naturally Flavored Drink Mix, 1.62 fl oz Bottle",Drink Mixes,6.26,$6.26,$1.93/fl oz
"Great Value Natural Lemon Flavor Iced Tea Drink Mix, 66.1 oz",Powdered Tea,6.54,$6.54,9.9 ¢/oz
"(3 pack) Dole Lemonade Variety Powder Mix, Tropical, Classic, & Strawberry, 30 Pack",Drink Mixes,13.44,$13.44,$1.07/oz
(3 pack) Starburst Zero Sugar Singles-to-Go Powdered Drink Mix All Pink Strawberry 6 Count Packets,Drink Mixes,3.51,$3.51,$2.72/oz
"Gatorade G Zero Sports Drink Lemon Lime, Powdered Energy Drink Mix, 0.10 oz, 10 Count Packets",Drink Mixes,4.58,$4.58,$4.36/oz
"Kool-Aid Liquid Cherry Artificially Flavored Soft Drink Mix, 1.62 fl oz Bottle",Drink Mixes,2.92,$2.92,$1.80/fl oz
"Kool-Aid Unsweetened Lemonade Naturally Flavored Powdered Soft Drink Mix, 0.23 oz Packet",Drink Mixes,0.42,$0.42,$1.83/oz
"Nestle Nesquik Strawberry Flavor Powder Drink Mix, 9.38 oz",Drink Mixes,4.88,$4.88,51.9 ¢/oz
"CELSIUS On The Go Energy Drink Mix, Strawberry Coconut (14 Stick Pack)",Drink Mixes,11.92,$11.92,$4.59/oz
"MiO Energy Tropical Fusion Sugar Free Water Enhancer, 1.62 fl oz Bottle, Liquids",Drink Mixes,3.13,$3.13,$1.93/fl oz
"Nestle Nesquik Chocolate Flavor Powder Drink Mix, 10 oz, Can",Drink Mixes,4.88,$4.88,48.8 ¢/oz
"(2 pack) Crystal Light Liquid Strawberry Lemonade Naturally Flavored Drink Mix, 1.62 fl oz Bottle",Drink Mixes,6.26,$6.26,$1.93/fl oz
"Great Value Strawberry Hydration Powdered Liquid Drink Mix, 0.56 oz, 6 Packets",Drink Mixes,5.76,$5.76,$1.69/oz
"(3 pack) Hawaiian Punch Powder Drink Mix Variety Pack, Red, Blue, & Purple, Sugar-Free, 30 Count",Drink Mixes,13.44,$13.44,$1.49/oz
"Kool-Aid Sugar-Sweetened Grape Powdered Soft Drink Mix, 19 oz Canister",Drink Mixes,3.84,$3.84,20.2 ¢/oz
"Gatorade Thirst Quencher Orange Flavor, Powdered Energy Drink Mix, 50.9 oz, 1 Count",Drink Mixes,11.98,$11.98,23.5 ¢/oz
"CELSIUS On The Go Energy Drink Mix, Strawberry Mango (14 Stick Pack)",Drink Mixes,11.92,$11.92,$4.77/oz
"(6 pack) Kool-Aid Liquid Tropical Punch Naturally Flavored Soft Drink Mix, 1.62 fl oz Bottle",Drink Mixes,17.52,$17.52,$1.80/fl oz
"Crystal Light Citrus Naturally Flavored Powdered Drink Mix with Caffeine, 10 ct On-the-Go-Packets",Drink Mixes,3.28,$3.28,$3.64/oz
"(3 pack) Great Value Strawberry Mango Powdered Liquid Drink Mix, Sugar-Free, 0.99 oz, 10 Packets",Drink Mixes,5.94,$5.94,$2.00/oz
"Propel Immune Support Electrolyte Orange Raspberry, Powered Energy Drink Mix Powder, 0.9 oz, 10 Count Packets",Drink Mixes,4.58,$4.58,$5.09/oz
"Liquid I.V. Hydration Multiplier, Strawberry, 6 Ct, Electrolyte Powder Packet Drink Mix",Drink Mixes,9.42,$9.42,$2.79/oz
"Crystal Light Wild Strawberry Sugar Free Drink Mix Singles with Caffeine, 30 Ct on-the-Go-Packets, Powders",Drink Mixes,8.57,$8.57,$2.60/oz
"Alpine Spiced Cider Original Powdered Drink Mix, Apple Flavor, 10 Pouches",Drink Mixes,3.16,$3.16,42.7 ¢/oz
"Taste Salud, Hydration + Immunity Drink Mix, Horchata, 1.27 oz",Drink Mixes,9.98,$9.98,$7.86/oz
"Great Value Energy Black Cherry Water Drink Enhancer, 3.11 fl oz Bottle",Drink Mixes,3.93,$3.93,$1.27/fl oz
"Liquid I.V. Tropical Punch Hydration Multiplier Powdered Electrolyte Drink Mix, 6 Count Packets",Drink Mixes,9.42,$9.42,$2.79/oz
"CELSIUS On The Go Energy Drink Mix, Cranberry Lemon (14 Stick Pack)",Drink Mixes,11.92,$11.92,$4.59/oz
"Great Value Green Apple Drink Enhancer with Electrolytes, 3.11 fl oz Liquid",Drink Mixes,4.16,$4.16,$1.34/oz
"Stur Fruit Punch Drink Mix, Liquid Water Enhancer, Sugar-Free, 1.62oz",Drink Mixes,3.28,$3.28,$2.03/oz
"Great Value Southern Sweet Tea Drink Enhancer, 3.11 fl oz",Drink Mixes,3.93,$3.93,$1.26/fl oz
"CELSIUS On The Go Energy Drink Mix, Dragonfruit Lime (14 Stick Pack)",Drink Mixes,11.92,$11.92,$4.42/oz
"Cirkul Frosted Refreshers Flavor Cartridge Variety Pack, Drink Mix, 6-Pack (2 Pink Refresher, 2 Mango Dragon Fruit Refresher, & 2 Paradise Refresher)",Drink Mixes,14.99,$14.99,$3.67/fl oz
"Gatorade Thirst Quencher Glacier Freeze, Powdered Energy Drink Mix, 50.9 oz, 1 Count",Drink Mixes,11.98,$11.98,23.5 ¢/oz
"Great Value Orange Blast Water Drink Enhancer, 3.11 fl oz Bottle",Drink Mixes,3.93,$3.93,$1.26/fl oz
"Propel Electrolyte Enhanced Water Drink Mix Powder Packets, Raspberry Lemonade, Zero Calorie & Zero Sugar Hydration with Electrolytes and Vitamins C & E, (10 Packets)",Drink Mixes,4.58,$4.58,$5.21/oz
"Liquid I.V. Watermelon Hydration Multiplier Powdered Electrolyte Drink Mix, 6 Count Packets",Drink Mixes,9.42,$9.42,$2.79/oz
"Cirkul FitSip Star Blast Flavor Cartridge, Drink Mix, 1-Pack",Drink Mixes,5.35,$5.35,$7.87/fl oz
"Gatorade Thirst Quencher Lemon Lime, Powdered Energy Drink Mix, 50.9 oz, 1 Count",Drink Mixes,11.98,$11.98,23.5 ¢/oz
Ovaltine Chocolate Malt Powdered Drink Mix for Hot and Cold Milk Canister 12 oz,Drink Mixes,6.24,$6.24,52.0 ¢/oz
"Great Value Focus Huckleberry Drink Enhancer Liquid, 3.11 fl oz",Drink Mixes,3.93,$3.93,$1.27/fl oz
"Kool-Aid Unsweetened Cherry Powdered Soft Drink Mix, 0.13 oz Packet, Powders",Drink Mixes,0.42,$0.42,$3.23/oz
"Propel Electrolyte Enhanced Water Drink Mix Powder Packets, Berry, Zero Calorie & Zero Sugar Hydration with Electrolytes and Vitamins C & E, (10 Packets)",Drink Mixes,4.58,$4.58,$5.21/oz
"Great Value Milk Chocolate Hot Cocoa Drink Mix, 27 oz Canister",Drink Mixes,5.74,$5.74,20.7 ¢/oz
(2 pack) 4C Energy Rush with Taurine Variety Pack Drink Mix,Drink Mixes,9.36,$9.36,94.0 ¢/oz
"Liquid I.V. Strawberry Kiwi Sugar-Free Energy Multiplier Powdered Electrolyte Drink Mix, 6 Count Packets",Drink Mixes,10.47,$10.47,$3.54/oz
"Liquid I.V. Cotton Candy Hydration Multiplier Powdered Electrolyte Drink Mix, 6 Count Packets",Drink Mixes,9.42,$9.42,$2.79/oz
"(2 pack) Great Value Focus Huckleberry Drink Enhancer Liquid, 3.11 fl oz",Drink Mixes,7.86,$7.86,$1.27/fl oz
"Nestle Nesquik Strawberry Flavor Powder Drink Mix, 35.5 oz",Drink Mixes,12,$12.00,33.8 ¢/oz
"(3 pack) Great Value Sugar-Free Tropical Melon Drink Mix, 0.5 oz, 10 Count",Drink Mixes,5.94,$5.94,$3.96/oz
"(3 pack) Great Value Sugar-Free Classic Variety Pack Drink Mix, 3.17 oz, 30 Count",Drink Mixes,14.94,$14.94,$1.57/oz
"Cirkul GoSip Blue Raspberry Flavor Cartridge, Drink Mix, 1-Pack",Drink Mixes,3.74,$3.74,$5.50/fl oz
"Nestle Nesquik Chocolate Flavor Powder Drink Mix, 6 Sachets",Drink Mixes,2.58,$2.58,93.5 ¢/oz
"Great Value Energy Berry Blast Drink Enhancer, 1.62 fl oz",Drink Mixes,2.58,$2.58,$1.59/fl oz
"(3 pack) Great Value Energy Peach Mango Drink Mix, 0.09 oz, 10 Count",Drink Mixes,5.94,$5.94,$2.20/oz
"Liquid I.V. Concord Grape Hydration Multiplier Powdered Electrolyte Drink Mix, 6 Count Packets",Drink Mixes,9.42,$9.42,$2.77/oz
"(6 pack) Crush Grape Powder Drink Mix, Sugar-Free, 6 Count",Drink Mixes,7.62,$7.62,$2.70/oz
(6 pack) Starburst Zero Sugar Singles-to-Go Powdered Drink Mix All Pink Strawberry 6 Count Packets,Drink Mixes,7.02,$7.02,$2.72/oz
"Liquid I.V. Strawberry Lemonade Hydration Multiplier Powdered Electrolyte Drink Mix, 6 Count Packets",Drink Mixes,8.97,$8.97,$2.65/oz
"Great Value Watermelon Drink Enhancer with Electrolytes, 3.11 fl oz Liquid",Drink Mixes,4.16,$4.16,$1.34/fl oz
"Cirkul LifeSip Fruit Punch Flavor Cartridge, Drink Mix, 1-Pack",Drink Mixes,3.74,$3.74,$5.50/fl oz
"Liquid I.V. Rainbow Sherbet Sugar-Free Hydration Multiplier Powdered Electrolyte Drink Mix, 6 Ct Packets",Drink Mixes,9.42,$9.42,$3.43/oz
"Great Value Lemon Lime Hydration Powdered Liquid Drink Mix, 0.56 oz, 6 Packets",Drink Mixes,5.76,$5.76,$1.69/oz
"Great Value Fruit Punch Drink Enhancer, 3.11 fl oz",Drink Mixes,3.93,$3.93,$1.26/fl oz
"Liquid I.V. Tangerine Hydration Multiplier +Immune Support Powdered Electrolyte Drink Mix, 6 Ct",Drink Mixes,10.98,$10.98,$3.25/oz
"Great Value Liquid Drink Enhancer Lemonade, 3.11 fl oz",Drink Mixes,3.93,$3.93,$1.26/fl oz
LMNT Zero Sugar Electrolyte Drink Mix - Variety Pack - 6ct,Drink Mixes,8.97,$8.97,$6.90/oz
"(3 pack) Great Value Sweet Tea Drink Mix, 0.09 oz, 10 Count",Drink Mixes,5.94,$5.94,$2.20/oz
"Cirkul LifeSip Flavor Cartridge Variety Pack, Drink Mix, 6-Pack (2 Fruit Punch, 2 Strawberry Kiwi, & 2 Honeycrisp Apple)",Drink Mixes,14.99,$14.99,$3.67/fl oz
"Cirkul GoSip Black Cherry Flavor Cartridge, Drink Mix, 1-Pack",Drink Mixes,3.74,$3.74,$5.50/fl oz
"Alani Nu Energy Sticks, Juicy Peach, 10 Count, 200mg Caffeine, Zero Sugar",Drink Mixes,9.98,$9.98,$4.97/oz
"Gatorade G Zero Sports Drink Glacier Cherry, Powdered Energy Drink Mix, 0.10 oz,  10 Count Packets",Sports Drinks,4.58,$4.58,$4.24/oz
"Great Value Fruit Punch Hydration Powdered Liquid Drink Mix, 0.56 oz, 6 Count",Drink Mixes,5.76,$5.76,$1.69/oz
"Propel Electrolyte Enhanced Water Drink Mix Powder Packets, Kiwi Strawberry, Zero Calorie & Zero Sugar Hydration with Electrolytes and Vitamins C & E, (10 Packets)",Drink Mixes,4.58,$4.58,$5.21/oz
"Crystal Light Refreshing Variety Pack, 44 ct On-the-Go Packets, Powders",Drink Mixes,11.34,$11.34,$2.71/oz
"Stur Electrolytes Strawberry Lemonade Drink Mix, Liquid Water Enhancer, Sugar-Free, 1.62oz",Drink Mixes,3.28,$3.28,$2.03/oz
"(12 pack) Kool-Aid Unsweetened Grape Powdered Drink Mix, 0.14 oz. Packet",Drink Mixes,5.04,$5.04,$3.00/oz
"(3 pack) Crystal Light Drink Mix, 10 Packets, for Convenient On-the-Go Flavorful Hydration, Artificially flavored Peach Iced Tea, Zero Sugar, 0.7 oz",Drink Mixes,9.36,$9.36,$4.46/oz
"(2 pack) Skittles Zero Sugar Wild Berry Singles-to-Go Packs, Powdered Drink Mix, 2.88 oz, 30 Count Packets",Drink Mixes,9.74,$9.74,$1.69/oz
LMNT Zero Sugar Electrolyte Drink Mix - Watermelon - 6ct,Drink Mixes,8.97,$8.97,$6.90/oz
"Taste Salud, Hydration + Immunity Drink Mix, Mango, 1.27 oz",Drink Mixes,9.98,$9.98,$7.86/oz
"(3 pack) Great Value Sugar-Free Fruit Punch Drink Mix Powder, 1.9 oz, 6 Count",Drink Mixes,7.11,$7.11,$1.25/oz
LMNT Zero Sugar Electrolyte Drink Mix - Citrus - 6ct,Drink Mixes,8.97,$8.97,$7.48/oz
"DripDrop Fast Hydration Sunburst Variety - Lemon Lime, Strawberry, Peach, and Black Cherry Electrolyte Powder Drink Mix, 8 Count",Drink Mixes,8.38,$8.38,$2.99/oz
"DripDrop Electrolyte Powder Drink Mix for Fast Hydration, Juicy Variety, 0.35 oz, 8 Count Packets",Drink Mixes,7.98,$7.98,$2.83/oz
"CELSIUS On The Go Energy Drink Mix, Watermelon Ice (14 Stick Pack)",Drink Mixes,11.92,$11.92,$4.77/oz
"Cirkul GoSip Strawberry Watermelon Flavor Cartridge, Drink Mix, 1-Pack",Drink Mixes,3.74,$3.74,$5.50/fl oz
"Liquid I.V. Variety Pack Hydration Multiplier Powdered Electrolyte Drink Mix, 15 count packets",Drink Mixes,23.12,$23.12,$2.73/oz
"Cirkul LifeSip Strawberry Kiwi Flavor Cartridge, Drink Mix, 1-Pack",Drink Mixes,3.74,$3.74,$5.50/fl oz
"(3 pack) Great Value Energy Cherry Slush Drink Mix, 0.11 oz, 10 Count",Drink Mixes,5.94,$5.94,$1.87/oz
"(2 pack) Great Value Sugar-Free WaterTok Variety Pack Drink Mix, 2.53 oz, 30 Count",Drink Mixes,9.96,$9.96,$1.97/oz
"Cheeky Bonsai Bye Bye UTI Strawberry Lemonade Powdered Drink Mix, 10 Count",Drink Mixes,19.98,$19.98,$9.29/oz
"Nesquik Chocolate Flavor Powder Drink Mix, about  43 Servings, 20.1oz 20.1 oz",Chocolate Drink Mixes,8,$8.00,39.8 ¢/oz
"(3 pack) Great Value Strawberry Hydration Powdered Liquid Drink Mix, 0.56 oz, 6 Packets",Drink Mixes,17.28,$17.28,$1.69/oz
"Cirkul Gateway Sweet Tea Flavor Cartridge, Drink Mix, 1-Pack",Drink Mixes,3.74,$3.74,$5.50/fl oz
"DripDrop Zero Sugar Fast Hydration - Watermelon, Lemon Lime, Peach, and Passion Fruit Electrolyte Powder Drink Mix, 8 Count",Drink Mixes,8.38,$8.38,$6.45/oz
"Propel Electrolyte Enhanced Water Drink Mix Powder Packets, Watermelon, Zero Calorie & Zero Sugar Hydration with Electrolytes and Vitamins C & E, (10 Packets)",Drink Mixes,4.58,$4.58,$5.21/oz
"Great Value Great Value Peach Tea Drink Enhancer, 3.11 fl oz",Drink Mixes,3.93,$3.93,$2.43/fl oz
"Nestle Milo Active Go Chocolate Malt Powder Drink Mix, 14.1 oz",Drink Mixes,5.96,$5.96,42.3 ¢/oz
"(3 pack) Great Value Sugar-Free Cherry Pomegranate Antioxidant Powdered Drink Mix, 0.11 oz, 10 Count",Drink Mixes,5.94,$5.94,$1.68/oz
"(6 pack) Crush Pineapple Powder Drink Mix, Sugar-Free, 6 Count",Drink Mixes,7.62,$7.62,$2.40/oz
"Carnation Breakfast Essentials Powder Protein Nutritional Shake Drink Mix, Rich Milk Chocolate Breakfast Shake, 17.7 oz",Drink Mixes,6.22,$6.22,35.1 ¢/oz
"Nestle Nesquik Chocolate Flavor Powder Stir In Drink Mix Canister, 38 oz Canister, 83 Servings",Chocolate Drink Mixes,12,$12.00,31.6 ¢/oz
"(3 pack) Crystal Light Peach Mango Naturally Flavored Powdered Drink Mix with Caffeine, 10 ct On-the-Go-Packets",Drink Mixes,9.84,$9.84,$4.69/oz
"(3 pack) CELSIUS On The Go Energy Drink Mix, Cranberry Lemon (14 Stick Pack)",Drink Mixes,35.76,$35.76,$4.59/oz
LMNT Zero Sugar Electrolyte Drink Mix - Raspberry - 6ct,Drink Mixes,8.97,$8.97,$6.90/oz
"Great Value Milk Chocolate Hot Cocoa Drink Mix with Marshmallows, 27 oz Canister",Chocolate Drink Mixes,5.76,$5.76,20.8 ¢/oz
"(3 pack) Stur Strawberry Watermelon Drink Mix, Liquid Water Enhancer, Sugar-Free, 1.62oz",Drink Mixes,9.84,$9.84,$2.03/oz
"Liquid I.V. Orange Vanilla Dream Hydration Multiplier Powdered Electrolyte Drink Mix, 6 CT",Drink Mixes,9.42,$9.42,$2.79/oz
"(2 pack) Crystal Light Drink Mix, 10 Packets, for Convenient On-the-Go Flavorful Hydration, Naturally flavored with other natural flavor Peach Mango Green Tea, Zero Sugar, 0.8 oz",Drink Mixes,6.24,$6.24,$3.90/oz
"Propel Electrolyte Enhanced Water Drink Mix Powder Packets, Passionfruit Guava, Zero Calorie & Zero Sugar Hydration with Electrolytes and Vitamins C & E, (10 Packets)",Drink Mixes,4.58,$4.58,$4.58/oz
"(3 pack) Great Value Sugar-Free Lemonade Drink Mix Powder, 0.53 oz, 6 Count",Drink Mixes,7.11,$7.11,74.1 ¢/oz
"Liquid I.V. Passion Fruit Hydration Multiplier Powdered Electrolyte Drink Mix, 6 Count Packets",Drink Mixes,9.42,$9.42,$2.79/oz
"Great Value Drink Enhancer, Grape, 3.11 fl oz",Drink Mixes,3.93,$3.93,$1.26/fl oz
"Liquid I.V. White Peach Sugar-Free Hydration Multiplier Powdered Electrolyte Drink Mix, 6 Count Packets",Drink Mixes,8.97,$8.97,$3.26/oz
"Cirkul LifeSip Blueberry Grape Flavor Cartridge, Drink Mix, 1-Pack",Drink Mixes,3.74,$3.74,$5.50/fl oz
"Cirkul Squeeze Classic Lemonade Flavor Cartridge, Drink Mix, 1-Pack",Drink Mixes,3.74,$3.74,$5.50/fl oz
"(3 pack) Stur Electrolytes Strawberry Lemonade Drink Mix, Liquid Water Enhancer, Sugar-Free, 1.62oz",Drink Mixes,9.84,$9.84,$2.03/oz
"(3 pack) Great Value Antioxidant Blackberry Lemonade Liquid Drink Mix, Sugar-Free, 1.41 oz, 10 Count",Drink Mixes,5.94,$5.94,$1.40/oz
LMNT Zero Sugar Electrolyte Drink Mix - Lemonade - 6 Count,Drink Mixes,8.97,$8.97,$6.90/oz
"Divided Sunset Collagen Peptides Powder Mix, Unflavored - Unbleached, 8 oz",Drink Mixes,14.93,$14.93,$1.87/oz
"(12 pack) Kool-Aid Unsweetened Black Cherry Powdered Soft Drink Mix, 0.13 oz Packet, Powders",Drink Mixes,5.04,$5.04,$3.23/oz
"TruLabs Hydrate Powders Strawberry Lemonade, Electrolyte Drink Mix, 16 Stick Packets",Electrolyte Supplements,17.97,$17.97,$8.64/oz
"Liquid I.V. Raspberry Melon Sugar-Free Hydration Multiplier Powdered Electrolyte Drink Mix, 6 Count Packets",Drink Mixes,9.42,$9.42,$3.43/oz
"Great Value Chai Latte Drink Mix Single-Serve Cups, 12 Ct",Tea Pods,4.44,$4.44,67.7 ¢/oz
"(3 pack) Great Value Lemonade Liquid Drink Mix, 0.13 oz, 10 Count",Drink Mixes,6.24,$6.24,$1.60/oz
"(2 pack) Crystal Light Drink Mix, 10 Packets, for Convenient On-the-Go Flavorful Hydration, Naturally flavored with other natural flavor Lemon Iced Tea, Zero Sugar, 0.7 oz",Drink Mixes,6.24,$6.24,$4.46/oz
(5 pack) LMNT Zero Sugar Electrolyte Drink Mix - Variety Pack - 6ct,Drink Mixes,44.85,$44.85,$6.90/oz
"(2 pack) True Lemon Strawberry Lemonade Drink Mix Powder, No Artificial Sweeteners, 1.06 oz., 10 Count Box",Drink Mixes,4.96,$4.96,$2.34/oz
"(3 pack) Crystal Light Drink Mix, 10 Packets, for Convenient On-the-Go Flavorful Hydration, Naturally flavored with other natural flavor Lemon Iced Tea, Zero Sugar, 0.7 oz",Drink Mixes,9.36,$9.36,$4.46/oz
"Propel Electrolyte Enhanced Water Drink Mix Powder Packets, Lemon, Zero Calorie & Zero Sugar Hydration with Electrolytes and Vitamins C & E, (10 Packets)",Drink Mixes,4.58,$4.58,$5.21/oz
"Liquid I.V. Blackberry Peach Hydration Multiplier +Energy Powdered Electrolyte Drink Mix, 6 Ct Packets",Drink Mixes,10.48,$10.48,$3.10/oz
"C4 Performance Energy Powder Drink Mix, Cosmic Rainbow, 8 Pack",Drink Mixes,5.98,$5.98,$3.74/oz
"Ovaltine Rich Chocolate Powdered Stir In Drink Mix for Hot and Cold Milk, 18 oz, 46 Servings",Chocolate Drink Mixes,8,$8.00,44.4 ¢/oz
"Liquid I.V. Blackberry Lemonade Sugar-Free Energy Multiplier Powdered Electrolyte Drink Mix, 6 Count Packets",Drink Mixes,10.47,$10.47,$3.54/oz
"(3 pack) Gatorade G Zero Sports Drink Glacier Cherry, Powdered Energy Drink Mix, 0.10 oz,  10 Count Packets",Drink Mixes,13.74,$13.74,$4.24/oz
"C4 Performance Energy Powder Mix Frozen Bombsicle, 8 Pack",Drink Mixes,6.28,$6.28,$3.93/oz
"Liquid I.V. Strawberry Hydration Multiplier Powdered Electrolyte Drink Mix, 15 Count Packets",Drink Mixes,23.12,$23.12,$2.73/oz
"(2 pack) Crystal Light Citrus Naturally Flavored Powdered Drink Mix with Caffeine, 10 ct On-the-Go-Packets",Drink Mixes,6.56,$6.56,$3.64/oz
"(12 pack) Kool-Aid Unsweetened Blue Raspberry Lemonade Powdered Drink Mix, 0.22 oz. Packet",Drink Mixes,5.04,$5.04,$1.91/oz
"Cirkul Sabrocita Strawberry Flavor Cartridge, Drink Mix, 1-Pack",Drink Mixes,3.74,$3.74,$5.50/fl oz
"Liquid I.V. Lemon Lime Sugar-Free Hydration Multiplier Powdered Electrolyte Drink Mix, 6 Ct",Drink Mixes,8.97,$8.97,$3.26/oz
"Liquid I.V. Lemon Lime Hydration Multiplier Powdered Electrolyte Drink Mix, 6 Count Packets",Drink Mixes,9.42,$9.42,$2.79/oz
"(3 pack) Alpine Spiced Cider Original Powdered Drink Mix, Apple Flavor, 10 Pouches",Drink Mixes,9.48,$9.48,42.7 ¢/oz
"Lipton Lemon Iced Tea Mix, Caffeinated, Black Tea, 28 Quarts",Drink Mixes,8.88,$8.88,12.9 ¢/oz
"Cirkul FitSip Mixed Berry Flavor Cartridge, Drink Mix, 1-Pack",Drink Mixes,3.74,$3.74,$5.50/fl oz
"(3 pack) Great Value Energy Electrolyte Watermelon Limeade Liquid Drink Mix, Sugar-Free, 1.1 oz, 10 Packet",Drink Mixes,6.24,$6.24,$1.89/oz
"Alani Nu Energy Sticks, Orange Kiss, 10 Count, 200mg Caffeine, Zero Sugar",Drink Mixes,10.48,$10.48,$3.61/oz
"(12 pack) MiO Sweet Tea Sugar Free Water Enhancer, 1.62 fl oz Bottle",Drink Mixes,37.56,$37.56,$1.93/fl oz
"(3 pack) Taste Salud, Hydration + Immunity Drink Mix, Jamaica, 1.27 oz",Drink Mixes,29.94,$29.94,$7.86/oz
"(2 pack) Great Value Raspberry Lemonade Liquid Drink Mixes, 3.11 fl oz",Drink Mixes,7.86,$7.86,$2.43/fl oz
"Blender Bites 1-Step Frozen Liquid Sunshine Smoothie Drink, Organic 12.7 oz",Drink Mixes,6.12,$6.12,48.2 ¢/oz
"C4 Performance Energy Powder Mix Strawberry Watermelon Ice, 8 Pack",Drink Mixes,6.28,$6.28,$3.93/oz
"Nestle Nesquik Strawberry Flavor Powder Drink Mix, 18.7 oz",Drink Mixes,8,$8.00,42.8 ¢/oz
"MiO Strawberry Watermelon Sugar Free Water Enhancer with 2X More, 3.24 fl oz Big Bottle, Liquids",Drink Mixes,5.94,$5.94,$1.83/fl oz
"(12 pack) Kool-Aid Unsweetened Lemonade Naturally Flavored Powdered Soft Drink Mix, 0.23 oz Packet",Drink Mixes,5.04,$5.04,$1.83/oz
"DryWater Hydration Powder (Electrolytes + Vitamins) , Peach Mango, 6 Pack",Drink Mixes,10.48,$10.48,$4.50/oz
"(6 pack) Crush Orange Powder Drink Mix, Sugar-Free, 6 Count",Drink Mixes,7.62,$7.62,$2.35/oz
"Liquid I.V. Raspberry Lemonade Sugar-Free Hydration Multiplier Powdered Electrolyte Drink Mix, 6 Count Packets",Drink Mixes,9.42,$9.42,$3.43/oz
"(2 pack) Crystal Light Drink Mix, 10 Packets, for Convenient On-the-Go Flavorful Hydration, Naturally flavored with other natural flavor Raspberry Green Tea, Zero Sugar, 0.96 oz",Drink Mixes,6.24,$6.24,$3.25/oz
"(3 pack) Crystal Light Grape Naturally Flavored Powdered Drink Mix with Caffeine, 10 ct. On-the-Go-Packets",Drink Mixes,9.84,$9.84,$2.98/oz
"(2 pack) Great Value Mixed Berry Drink Enhancer Liquid, 3.1 fl oz",Drink Mixes,7.86,$7.86,$1.26/fl oz
"(3 pack) Crystal Light Citrus Naturally Flavored Powdered Drink Mix with Caffeine, 10 ct On-the-Go-Packets",Drink Mixes,9.84,$9.84,$3.64/oz
"Mio Hydrate Arctic Grape Sugar Free Water Enhancer, 1.62 fl oz Bottle, Liquids",Drink Mixes,3.18,$3.18,$1.96/fl oz
"(3 pack) Great Value Energy Berry Blast Drink Enhancer, 1.62 fl oz",Drink Mixes,7.74,$7.74,$1.59/fl oz
"(12 pack) Kool-Aid Unsweetened Cherry Powdered Soft Drink Mix, 0.13 oz Packet, Powders",Drink Mixes,5.04,$5.04,$3.23/oz
"Cirkul Gateway Peach Tea Flavor Cartridge, Drink Mix, 1-Pack",Drink Mixes,3.74,$3.74,$5.50/fl oz
"Liquid I.V. Variety Pack Sugar-Free Hydration Multiplier Powdered Electrolyte Drink Mix, 15 Count Packets",Drink Mixes,23.12,$23.12,$3.37/oz
"Liquid I.V. Golden Cherry Hydration Multiplier Powdered Electrolyte Drink Mix, 6 Count Packets",Drink Mixes,9.42,$9.42,$2.79/oz
"Mio Hydrate Berry Blast Flavored with Other Natural Flavor Liquid Water Enhancer, 1.62 fl oz Bottle",Drink Mixes,3.18,$3.18,$1.96/fl oz
"Crystal Light Lemonade Energy Boost Drink Mix, 0.15 oz Stick, Concentrated",Drink Mixes,2.48,$2.48,$16.53/oz
"Liquid I.V. Arctic Raspberry Hydration Multiplier Powdered Electrolyte Drink Mix, 6 CT",Drink Mixes,9.42,$9.42,$2.79/oz
"(4 pack) Kool-Aid Unsweetened Watermelon Powdered Soft Drink Mix, 0.15 oz Packet, Powders",Drink Mixes,1.68,$1.68,$2.80/oz
"CELSIUS HYDRATION Lemon Lime Flavor, Essential Electrolyte Hydration Packets (Pack of 14)",Sports Drinks,11.92,$11.92,$3.22/oz
"(3 pack) Taste Salud, Hydration + Immunity Drink Mix, Horchata, 1.27 oz",Drink Mixes,29.94,$29.94,$7.86/oz
(2 pack) GV 46SV Glacier Freeze Hydrate,Drink Mixes,7.86,$7.86,$1.26/fl oz
"Gatorade Hydration Booster Electrolyte Drink Mix Powder, Strawberry Watermelon, 2.1 oz, 6 Pack",Drink Mixes,8.37,$8.37,$3.99/oz
(5 pack) LMNT Zero Sugar Electrolyte Drink Mix - Lemonade - 6 Count,Drink Mixes,44.85,$44.85,$6.90/oz
"BODYARMOR Flash I.V. Strawberry Kiwi Zero Sugar Electrolyte Powder Mix, 0.25 dry oz, 6 Pack Pouches",Drink Mixes,7.32,$7.32,$4.88/oz
"(3 pack) Crystal Light Refreshing Variety Pack, 44 ct On-the-Go Packets, Powders",Drink Mixes,34.02,$34.02,$2.71/oz
"Liquid I.V. Aa Berry Hydration Multiplier Powdered Electrolyte Drink Mix, 6 Count Packets",Drink Mixes,9.42,$9.42,$2.79/oz
"(2 pack) Crystal Light Fruit Punch Sugar Free Drink Mix Caffeine Free, 6 Ct Pitcher Packets, Powders",Drink Mixes,6.24,$6.24,$1.53/oz
"(6 pack) Kool-Aid Liquid Cherry Artificially Flavored Soft Drink Mix, 1.62 fl oz Bottle",Drink Mixes,17.52,$17.52,$1.83/fl oz
"BODYARMOR Flash I.V. Sticks Grape Zero Sugar Electrolyte Powder Mix, 0.25 dry oz, 6 Pack Pouches",Drink Mixes,6.78,$6.78,$4.52/oz
"Cirkul GoSip Flavor Cartridge Variety Pack, 6-Pack (2 Blue Raspberry, 2 Black Cherry, 2 Strawberry Watermelon)",Drink Mixes,15.97,$15.97,$3.91/fl oz
"Nestle Carnation Chocolate Malted Milk Instant Stir In Powder Mix, 13 oz Canister, 17 Servings",Chocolate Drink Mixes,6.17,$6.17,47.5 ¢/oz
"Nuun Sport Electrolytes Hydration Drink Mix Tablets, Watermelon, 10 Count Tube",Drink Mixes,6.94,$6.94,
"(3 pack) Cirkul LifeSip Fruit Punch Flavor Cartridge, Drink Mix, 1-Pack",Drink Mixes,11.22,$11.22,$5.50/fl oz
"mio Lemonade Naturally Flavored with other natural flavor Liquid Water Enhancer, 3.24 fl oz Bottle",Drink Mixes,5.94,$5.94,$1.83/fl oz
"(6 pack) Great Value Tropical Mango Punch Drink Mix, 0.10 oz, 10 Count Packets",Drink Mixes,11.88,$11.88,$2.00/oz
"(3 pack) Nestle Milo Active Go Chocolate Malt Powder Drink Mix, 14.1 oz",Drink Mixes,17.88,$17.88,42.3 ¢/oz
"(2 pack) Cirkul Sabrocita Hibiscus Flavor Cartridge, Drink Mix, 1-Pack",Drink Mixes,7.48,$7.48,$5.50/fl oz
"(2 pack) Cirkul GoSip Black Cherry Flavor Cartridge, Drink Mix, 1-Pack",Drink Mixes,7.48,$7.48,$5.50/fl oz
"Campoverde 4 Packs Frozen Fruit & Veggie Smoothie Mix, Chia Fiber Supremacy with Pineapple, 32 oz",Drink Mixes,12.74,$12.74,39.8 ¢/oz
"(2 pack) Cirkul Squeeze Classic Lemonade Flavor Cartridge, Drink Mix, 1-Pack",Drink Mixes,7.48,$7.48,$5.50/fl oz
"Lipton Reduced Sugar Southern Sweet Iced Tea Mix, 28 Quarts",Drink Mixes,8.88,$8.88,17.7 ¢/oz
"Nuun Sport Electrolytes Hydration Drink Mix Tablets, Tri-Berry, 10 Count Tube",Drink Mixes,6.94,$6.94,69.4 ¢/ea
"(3 pack) Cirkul LifeSip Passion Orange Guava Flavor Cartridge, Drink Mix, 1-Pack",Drink Mixes,14.37,$14.37,$7.04/fl oz
"(2 pack) Kool-Aid Liquid Grape Artificially Flavored Soft Drink Mix, 1.62 fl oz Bottle",Drink Mixes,5.84,$5.84,$1.80/fl oz
"Liquid I.V. White Peach Sugar-Free Hydration Multiplier Powdered Electrolyte Drink Mix, 15 Ct Packets",Drink Mixes,23.12,$23.12,$3.37/oz
"Liquid I.V. Popsicle Firecracker Hydration Multiplier Powdered Electrolyte Drink Mix, 15 Ct Packets",Drink Mixes,23.12,$23.12,$2.73/oz
"(2 pack) Great Value Tropical Pineapple Mango Drink Enhancer, 3.11 fl oz Bottle",Drink Mixes,7.86,$7.86,$1.26/fl oz
"(12 pack) Crush Pineapple Powder Drink Mix, Sugar-Free, 6 Count",Drink Mixes,15.24,$15.24,$2.40/oz
"(3 pack) Stur Fruit Punch Drink Mix, Liquid Water Enhancer, Sugar-Free, 1.62oz",Drink Mixes,9.84,$9.84,$2.03/oz
(5 pack) LMNT Zero Sugar Electrolyte Drink Mix - Watermelon - 6ct,Drink Mixes,44.85,$44.85,$6.90/oz
"Campoverde 4 Packs Frozen Fruit & Veggie Smoothie Mix, Acai Energizing Power, 32 oz",Energy Drinks,12.74,$12.74,39.8 ¢/oz
"(3 pack) Crystal Light Energizing Variety Pack, 44 ct On-the-Go Drink Mix Packets, Powders",Drink Mixes,35.76,$35.76,$2.85/oz
"(2 pack) Cirkul FitSip Mixed Berry Flavor Cartridge, Drink Mix, 1-Pack",Drink Mixes,7.48,$7.48,$5.50/fl oz
"Liquid I.V. Lemon Lime Hydration Multiplier Powdered Electrolyte Drink Mix, 15 Count Packets",Drink Mixes,23.12,$23.12,$2.73/oz
"(2 pack) Cirkul Frosted Refreshers Pink Refresher Flavor Cartridge, Drink Mix, 1-Pack",Drink Mixes,7.48,$7.48,$5.50/fl oz
"(2 pack) Cirkul LifeSip Blueberry Grape Flavor Cartridge, Drink Mix, 1-Pack",Drink Mixes,7.48,$7.48,$5.50/fl oz
"(2 pack) Cirkul Gateway Raspberry Tea Flavor Cartridge, Drink Mix, 1-Pack",Drink Mixes,7.48,$7.48,$5.50/fl oz
"(2 pack) Cirkul LifeSip Strawberry Kiwi Flavor Cartridge, Drink Mix, 1-Pack",Drink Mixes,7.48,$7.48,$5.50/fl oz
"Liquid I.V. Passion Fruit Hydration Multiplier Powdered Electrolyte Drink Mix, 15 Count Packets",Drink Mixes,23.12,$23.12,$2.73/oz
"MiO Energy Black Cherry Sugar Free Water Enhancer with 2X More, 3.24 fl oz Big Bottle, Liquids",Drink Mixes,5.94,$5.94,$1.83/fl oz
"(2 pack) Cirkul Inflow Energy Watermelon Flavor Cartridge, Drink Mix, 1-Pack",Drink Mixes,7.48,$7.48,$5.50/fl oz
"(2 pack) Great Value Drink Enhancer, Grape, 3.11 fl oz",Drink Mixes,7.86,$7.86,$1.26/fl oz
"(3 pack) Crystal Light Lemonade Energy Boost Drink Mix, 0.15 oz Stick, Concentrated",Drink Mixes,7.44,$7.44,$16.53/oz
"(4 pack) Stur Strawberry Watermelon Drink Mix, Liquid Water Enhancer, Sugar-Free, 1.62oz",Drink Mixes,13.12,$13.12,$2.03/oz
"(4 pack) Ovaltine Rich Chocolate Powdered Stir In Drink Mix for Hot and Cold Milk, 18 oz, 46 Servings",Drink Mixes,32,$32.00,44.4 ¢/oz
"Campoverde 4 Packs Frozen Fruit & Veggie Smoothie Mix, Fit & Wellness, No Added Sugar, 32 oz",Drink Mixes,12.74,$12.74,39.8 ¢/oz
"Liquid I.V. Lemon Lime Sugar-Free Hydration Multiplier Powdered Electrolyte Drink Mix, 15 Count Packets",Drink Mixes,23.12,$23.12,$2.73/oz
"(2 pack) Great Value Raspberry Black Tea Drink Enhancer, 3.11 fl oz",Drink Mixes,7.86,$7.86,$2.43/fl oz
"(3 pack) Kool-Aid Sugar-Sweetened Grape Powdered Soft Drink Mix, 19 oz Canister",Drink Mixes,11.52,$11.52,20.2 ¢/oz
"(2 pack) Cirkul Sabrocita Strawberry Flavor Cartridge, Drink Mix, 1-Pack",Drink Mixes,7.48,$7.48,$5.50/fl oz
"(2 pack) Cirkul Gateway Peach Tea Flavor Cartridge, Drink Mix, 1-Pack",Drink Mixes,7.48,$7.48,$5.50/fl oz
"(3 pack) CELSIUS On The Go Energy Drink Mix, Dragonfruit Lime (14 Stick Pack)",Drink Mixes,35.76,$35.76,$4.42/oz
"(2 pack) Cirkul GoSip Strawberry Watermelon Flavor Cartridge, Drink Mix, 1-Pack",Drink Mixes,7.48,$7.48,$5.50/fl oz
"(2 pack) Cirkul GoSip Blue Raspberry Flavor Cartridge, Drink Mix, 1-Pack",Drink Mixes,7.48,$7.48,$5.50/fl oz
"(3 pack) Taste Salud, Hydration + Immunity Drink Mix, Mango, 1.27 oz",Drink Mixes,29.94,$29.94,$7.86/oz
"(2 pack) Great Value Green Apple Drink Enhancer with Electrolytes, 3.11 fl oz Liquid",Drink Mixes,8.32,$8.32,$1.34/oz
"(3 pack) Great Value Fruit Punch Hydration Powdered Liquid Drink Mix, 0.56 oz, 6 Count",Drink Mixes,17.28,$17.28,$1.69/oz
"(3 pack) Propel Electrolyte Enhanced Water Drink Mix Powder Packets, Berry, Zero Calorie & Zero Sugar Hydration with Electrolytes and Vitamins C & E, (10 Packets)",Drink Mixes,13.74,$13.74,$5.21/oz
(5 pack) LMNT Zero Sugar Electrolyte Drink Mix - Raspberry - 6ct,Drink Mixes,44.85,$44.85,$6.90/oz
"(2 pack) Great Value Natural Lemon Flavor Iced Tea Drink Mix, 66.1 oz",Powdered Tea,13.08,$13.08,9.9 ¢/oz
"(2 pack) Kool-Aid Sugar-Sweetened Cherry Powdered Soft Drink Mix, 19 oz Canister, Powders",Drink Mixes,7.68,$7.68,20.2 ¢/oz
"(2 pack) Cirkul LifeSip Honeycrisp Apple Flavor Cartridge, Drink Mix, 1-Pack",Drink Mixes,7.48,$7.48,$5.50/fl oz
"BODYARMOR Flash I.V. Tropical Punch Zero Sugar Electrolyte Powder Mix, 0.28 dry oz, 6 Pack Pouches",Drink Mixes,6.78,$6.78,$4.04/oz
"(2 pack) DripDrop Electrolyte Powder Drink Mix for Fast Hydration, Juicy Variety, 0.35 oz, 8 Count Packets",Drink Mixes,15.96,$15.96,$2.83/oz
"(4 pack) Stur Fruit Punch Drink Mix, Liquid Water Enhancer, Sugar-Free, 1.62oz",Drink Mixes,13.12,$13.12,$2.03/oz
"Prime Rapid Rehydration Sticks, Berry Citrus Rush, 6ct",Drink Mixes,8.88,$8.88,$7.40/oz
"(3 pack) Gatorade Thirst Quencher Glacier Freeze, Powdered Energy Drink Mix, 50.9 oz, 1 Count",Drink Mixes,35.94,$35.94,23.5 ¢/oz
(5 pack) LMNT Zero Sugar Electrolyte Drink Mix - Citrus - 6ct,Drink Mixes,44.85,$44.85,$7.48/oz
"Cirkul FitSip Flavor Cartridge Variety Pack, 6-Pack (2 Mixed Berry, 2 White Cherry, 2 Orange Tangerine)",Drink Mixes,15.97,$15.97,$3.91/fl oz
"(3 pack) Propel Electrolyte Enhanced Water Drink Mix Powder Packets, Watermelon, Zero Calorie & Zero Sugar Hydration with Electrolytes and Vitamins C & E, (10 Packets)",Drink Mixes,13.74,$13.74,$5.21/oz
"Nestle Carnation Original Malted Milk Powder Mix, 13 oz",Milks,6.17,$6.17,47.5 ¢/oz
"(12 pack) MiO Vitamins Orange Vanilla Sugar Free Water Enhancer, 1.62 fl oz Bottle, Liquids",Drink Mixes,37.56,$37.56,$1.93/fl oz
"(2 pack) Great Value Blue Raspberry Drink Enhancer, 3.1 floz",Drink Mixes,7.86,$7.86,$1.26/fl oz
"(2 pack) Great Value Strawberry Pineapple Energy Drink Enhancer, 3.11 fl oz Bottle",Drink Mixes,7.86,$7.86,$1.26/fl oz
STRAWBERRY MILK MAGIC,Straws,1.28,$1.28,$1.60/oz
"(2 pack) Great Value Orange Blast Water Drink Enhancer, 3.11 fl oz Bottle",Drink Mixes,7.86,$7.86,$1.26/fl oz
"(3 pack) Great Value Drink Enhancer, Grape, 3.11 fl oz",Drink Mixes,11.79,$11.79,$1.26/fl oz
"(2 pack) Liquid I.V. Cotton Candy Hydration Multiplier Powdered Electrolyte Drink Mix, 6 Count Packets",Powder Candy,18.84,$18.84,$2.79/oz
"(2 pack) Great Value Strawberry Watermelon Clear Liquid Drink Enhancer, 3.1 fl oz Bottle",Drink Mixes,7.92,$7.92,$1.27/fl oz
"(2 pack) Great Value Watermelon Drink Enhancer with Electrolytes, 3.11 fl oz Liquid",Drink Mixes,8.32,$8.32,$1.34/fl oz
"(2 pack) Cheeky Bonsai Bye Bye UTI Strawberry Lemonade Powdered Drink Mix, 10 Count",Drink Mixes,39.96,$39.96,$9.29/oz
"(3 pack) Liquid I.V. Watermelon Hydration Multiplier Powdered Electrolyte Drink Mix, 15 Count Packets",Drink Mixes,65.91,$65.91,$2.60/oz
"(3 pack) Propel Electrolyte Enhanced Water Drink Mix Powder Packets, Grape, Zero Calorie & Zero Sugar Hydration with Electrolytes and Vitamins C & E, (10 Packets)",Drink Mixes,13.74,$13.74,$5.21/oz
"(4 pack) Liquid I.V. Energy Yuzu Pineapple Drink Mix, 6 Count",Drink Mixes,39.92,$39.92,$2.95/oz
"(3 pack) Liquid I.V. Blackberry Peach Hydration Multiplier +Energy Powdered Electrolyte Drink Mix, 6 Ct Packets",Drink Mixes,31.44,$31.44,$3.10/oz
(3 pack) Great Value Lemonade 26 QT,Drink Mixes,23.22,$23.22,12.3 ¢/oz
"DryWater Hydration Powder (Electrolytes + Vitamins) , Mixed Berry, 6 Pack",Drink Mixes,10.48,$10.48,$4.50/oz
"(4 pack) Liquid I.V. Rainbow Sherbet Sugar-Free Hydration Multiplier Powdered Electrolyte Drink Mix, 6 Ct Packets",Drink Mixes,37.68,$37.68,$3.43/oz
"(2 pack) Great Value Fruit Punch Drink Enhancer, 3.11 fl oz",Drink Mixes,7.86,$7.86,$1.26/fl oz
"(2 pack) Liquid I.V. Popsicle Firecracker Hydration Multiplier Powdered Electrolyte Drink Mix, 15 Ct Packets (2 pack)",Drink Mixes,46.24,$46.24,$1.54/oz
"(4 pack) Bumpin Blends, Smoothie, Enhance Hydration, Watermelon Paradise, 10oz, Cubes, 2-4 Servings",Drink Mixes,29.28,$29.28,73.2 ¢/oz
(5 pack) LMNT Zero Sugar Electrolyte Drink Mix - Orange - 6ct,Drink Mixes,44.85,$44.85,$7.48/oz
"mio Fruit Punch Flavored with other natural flavor Liquid Water Enhancer, 3.24 fl oz Bottle",Drink Mixes,5.94,$5.94,$1.83/fl oz
"Prime Rapid Rehydration Sticks, Glacier Orange, 6ct",Drink Mixes,8.88,$8.88,$7.40/oz
"(4 pack) Liquid I.V. Raspberry Melon Sugar-Free Hydration Multiplier Powdered Electrolyte Drink Mix, 6 Count Packets",Drink Mixes,37.68,$37.68,$3.43/oz
"(3 pack) Propel Electrolyte Enhanced Water Drink Mix Powder Packets, Lemon, Zero Calorie & Zero Sugar Hydration with Electrolytes and Vitamins C & E, (10 Packets)",Drink Mixes,13.74,$13.74,$5.21/oz
"(3 pack) Gatorade Thirst Quencher Orange Flavor, Powdered Energy Drink Mix, 50.9 oz, 1 Count",Drink Mixes,35.94,$35.94,23.5 ¢/oz
(5 pack) LMNT Zero Sugar Electrolyte Drink Mix - Grapefruit - 6ct,Drink Mixes,44.85,$44.85,$6.90/oz
"(4 pack) Great Value Liquid Drink Enhancer, Strawberry Watermelon, 1.62 fl oz",Drink Mixes,10.32,$10.32,$1.59/fl oz
"NIDO Fortificada Dry Whole Milk Powder with Vitamins A, C, D, Iron & Calcium, 56.4 oz Canister",Drink Mixes,20.93,$20.93,37.1 ¢/oz
"(4 pack) Liquid I.V. White Peach Sugar-Free Hydration Multiplier Powdered Electrolyte Drink Mix, 6 Count Packets",Drink Mixes,35.88,$35.88,$3.26/oz
"(2 pack) Great Value Energy Black Cherry Water Drink Enhancer, 3.11 fl oz Bottle",Drink Mixes,7.86,$7.86,$1.26/fl oz
"(12 pack) Propel Electrolyte Enhanced Water Drink Mix Powder Packets, Kiwi Strawberry, Zero Calorie & Zero Sugar Hydration with Electrolytes and Vitamins C & E, (10 Packets)",Drink Mixes,54.96,$54.96,$5.21/oz
"(2 pack) Great Value Great Value Peach Tea Drink Enhancer, 3.11 fl oz",Drink Mixes,7.86,$7.86,$2.43/fl oz
"(3 pack) Great Value Milk Chocolate Hot Cocoa Drink Mix with Marshmallows, 27 oz Canister",Chocolate Drink Mixes,17.28,$17.28,20.8 ¢/oz
"(12 pack) mio Fruit Punch Flavored with other natural flavor Liquid Water Enhancer, 3.24 fl oz Bottle",Drink Mixes,71.28,$71.28,$1.83/fl oz
"(4 pack) Liquid I.V. White Peach Sugar-Free Hydration Multiplier Powdered Electrolyte Drink Mix, 15 Ct Packets",Drink Mixes,92.48,$92.48,$3.37/oz
"(4 pack) Liquid I.V. Lemon Lime Sugar-Free Hydration Multiplier Powdered Electrolyte Drink Mix, 15 Count Packets",Drink Mixes,92.48,$92.48,$2.73/oz
"(4 pack) DripDrop Electrolyte Powder Drink Mix for Fast Hydration, Juicy Variety, 0.35 oz, 8 Count Packets",Drink Mixes,31.92,$31.92,$2.83/oz
"(12 pack) MiO Strawberry Watermelon Sugar Free Water Enhancer with 2X More, 3.24 fl oz Big Bottle, Liquids",Drink Mixes,71.28,$71.28,$1.83/fl oz
"(12 pack) Propel Electrolyte Enhanced Water Drink Mix Powder Packets, Raspberry Lemonade, Zero Calorie & Zero Sugar Hydration with Electrolytes and Vitamins C & E, (10 Packets)",Drink Mixes,54.96,$54.96,$5.21/oz
"DryWater Hydration Powder (Electrolytes + Vitamins) , Lemon Lime, 6 Pack",Drink Mixes,10.48,$10.48,$4.50/oz
"(4 pack) Bumpin Blends Barbie, Supports Skin Vitality, Strawberry Dream, Smoothie Cubes,  10 oz, 2-4 Servings",Drink Mixes,29.28,$29.28,73.2 ¢/oz
"(3 pack) Propel Immune Support Electrolyte Orange Raspberry, Powered Energy Drink Mix Powder, 0.9 oz, 10 Count Packets",Drink Mixes,13.74,$13.74,$5.09/oz
"(4 pack) Stur Electrolytes Strawberry Lemonade Drink Mix, Liquid Water Enhancer, Sugar-Free, 1.62oz",Drink Mixes,13.12,$13.12,$2.03/oz
"(12 pack) Propel Electrolyte Enhanced Water Drink Mix Powder Packets, Lemon, Zero Calorie & Zero Sugar Hydration with Electrolytes and Vitamins C & E, (10 Packets)",Drink Mixes,54.96,$54.96,$5.21/oz
"(12 pack) Propel Electrolyte Enhanced Water Drink Mix Powder Packets, Watermelon, Zero Calorie & Zero Sugar Hydration with Electrolytes and Vitamins C & E, (10 Packets)",Drink Mixes,54.96,$54.96,$5.21/oz
"(12 pack) Propel Electrolyte Enhanced Water Drink Mix Powder Packets, Berry, Zero Calorie & Zero Sugar Hydration with Electrolytes and Vitamins C & E, (10 Packets)",Drink Mixes,54.96,$54.96,$5.21/oz
"(12 pack) MiO Energy Black Cherry Sugar Free Water Enhancer with 2X More, 3.24 fl oz Big Bottle, Liquids",Drink Mixes,71.28,$71.28,$1.83/fl oz
"(12 pack) Propel Electrolyte Enhanced Water Drink Mix Powder Packets, Grape, Zero Calorie & Zero Sugar Hydration with Electrolytes and Vitamins C & E, (10 Packets)",Drink Mixes,54.96,$54.96,$5.21/oz
"(3 pack) Gatorade G Zero Sports Drink Lemon Lime, Powdered Energy Drink Mix, 0.10 oz, 10 Count Packets",Drink Mixes,13.74,$13.74,$4.36/oz
"(12 pack) Propel Immune Support Electrolyte Orange Raspberry, Powered Energy Drink Mix Powder, 0.9 oz, 10 Count Packets",Drink Mixes,54.96,$54.96,$5.09/oz
"(4 pack) Liquid I.V. Strawberry Lemonade Hydration Multiplier Powdered Electrolyte Drink Mix, 6 Count Packets",Drink Mixes,35.88,$35.88,$2.65/oz
"(4 pack) Liquid I.V. Lemon Lime Sugar-Free Hydration Multiplier Powdered Electrolyte Drink Mix, 6 Ct",Drink Mixes,35.88,$35.88,$3.26/oz
"(12 pack) Gatorade G Zero Sports Drink Glacier Freeze, Powdered Energy Drink Mix, 0.10 oz, 10 Count Packets",Drink Mixes,54.96,$54.96,$4.24/oz
"(12 pack) Gatorade G Zero Sports Drink Lemon Lime, Powdered Energy Drink Mix, 0.10 oz, 10 Count Packets",Drink Mixes,54.96,$54.96,$4.36/oz
"(12 pack) MiO Energy Tropical Fusion Sugar Free Water Enhancer, 1.62 fl oz Bottle, Liquids",Drink Mixes,37.56,$37.56,$1.93/fl oz
"(12 pack) Gatorade G Zero Sports Drink Glacier Cherry, Powdered Energy Drink Mix, 0.10 oz,  10 Count Packets",Drink Mixes,54.96,$54.96,$4.24/oz
"Fancy Sprinkles Opulust Edible Glitter Packets, 10 Count",Drink Mixes,10.47,$10.47,$52.35/oz
"Rose's Strawberry Simple Syrup Mixer, 12 fl oz, Bottle",Drink Mixes,4.18,$4.18,34.8 ¢/fl oz
Taste Salud Strawberry Watermelon,Watermelons,10.48,$10.48,$8.25/oz
"Blender Bites 1-Step Frozen Power Berry Smoothie, Organic, 12.7 oz",Drink Mixes,6.12,$6.12,48.2 ¢/oz
(2 pack) STRAWBERRY MILK MAGIC,Drink Mixes,2.56,$2.56,$1.60/oz
"CELSIUS HYDRATION Strawberry Watermelon Flavor, Essential Electrolyte Hydration Packets (Pack of 14)",Electrolyte Supplements,11.34,$11.34,$3.15/oz
"Betterbody Foods Organic Superfood Powder, 12.7 Oz",Protein Supplements,14.24,$14.24,$1.12/oz
"Dole Fruit and Veggie Smoothie Blends, Frozen Berries 'N Kale Blend, 32 oz",Juices,9.94,$9.94,31.1 ¢/oz
"(3 pack) Yulu Foods Instant Boba Passion Fruit, Bubble Tea Kit, 3 Drinks",Powdered Tea,22.5,$22.50,94.5 ¢/oz
"Campoverde Frozen Mocha Oat Delight with Dates Smoothie & Frappe Blender, 24 oz, Makes 4 Drinks",Drink Mixes,12.44,$12.44,51.8 ¢/oz
"Great Value Strawberry Lemonade, 16 fl oz",Juices,1.48,$1.48,9.3 ¢/fl oz
"Fresh Pink Lady Apples, 3lb Bag",Apples,3.54,$3.54,$1.18/lb
"Marketside Fresh Cut Cantaloupe Chunks, 16 oz Tray",Fresh Fruits,4.84,$4.84,30.3 ¢/oz
"Fresh Granny Smith Apples, 3 lb Bag",Apples,2.67,$2.67,89.0 ¢/lb
"Fresh Mandarin Oranges, 5 lb Bag",Fresh Fruits,6.67,$6.67,$1.33/lb
"Fresh Honeycrisp Apple, Each",Apples,1.06,$1.06,$1.97/lb
"Great Value Frozen Whole Berry Medley, 16 oz",Frozen Fruits,3.52,$3.52,22.0 ¢/oz
"Fresh Blackberries, 12 oz. Container",Fresh Fruits,5.84,$5.84,48.7 ¢/oz
"Organic Kiwi Fruit, 1 lb Clam Shell",Fresh Vegetables,4.32,$4.32,27.0 ¢/oz
"Guava, 1 lb, Clamshell",Fresh Fruits,3.37,$3.37,21.1 ¢/oz
"Marketside Fresh Cut Mango, 10 oz Tray",Fresh Fruits,3.97,$3.97,39.7 ¢/oz
"Fresh Fuji Apples, 3 lb Bag",Apples,3.54,$3.54,$1.18/lb
"Great Value Sliced Bananas, 16 oz Bag",Bananas,2.47,$2.47,15.4 ¢/oz
"Fresh Cosmic Crisp Apples, 3 lb Bag",Apples,4.57,$4.57,$1.52/lb
"Marketside Fresh Seedless Whole Grapes, 10 oz Tray, Ready-to-Eat",Grapes,3.67,$3.67,36.7 ¢/oz
"Pitaya Foods Frozen Dragon Fruit Pieces, Non-GMO Exotic Frozen Fruit For Smoothies, 12 oz",Frozen Fruits,5.12,$5.12,42.7 ¢/oz
"Great Value High in Antioxidant Fruit Blend, 40 oz (Frozen)",Frozen Fruits,8.96,$8.96,22.4 ¢/oz
"Marketside Fresh Cut Pineapple, 10 oz Tray",Fresh Fruits,3.72,$3.72,37.2 ¢/oz
"Fresh Gala Apple, Each",Apples,0.73,$0.73,$1.48/lb
"Crunch Pak Fresh Sweet Peeled Apple Slices, 24 oz Resealable Bag",Apples,5.97,$5.97,24.9 ¢/oz
"Great Value Diced Peaches, Mandarin Segments, & Cherry Mixed Fruits Variety Pack, 4 oz, 12 Pack","Canned, Jarred & Cup Fruits",8.37,$8.37,17.4 ¢/oz
"Great Value Freeze Dried Fruit Crisps, Variety Pack, 6 Count, 2.26 oz.",Dried Fruits,6.57,$6.57,$2.86/oz
"Zespri Sungold Fresh Kiwi Fruit, 2 lb Package",Fresh Fruits,8.97,$8.97,28.0 ¢/oz
"Great Value Frozen Sliced Peaches, 16 oz",Frozen Fruits,2.86,$2.86,17.9 ¢/oz
"Great Value Pineapple Chunks, 16 oz (Frozen)",Frozen Fruits,2.82,$2.82,17.6 ¢/oz
"Great Value Mixed Fruit, 64 oz (Frozen)",Frozen Fruits,10.24,$10.24,16.0 ¢/oz
"Fresh Tejocote Fruit, 1 lb Clamshell",Fresh Fruits,3.98,$3.98,24.9 ¢/oz
"Marketside Seasonal Fruit Blend, 10 oz Tray",Fresh Fruits,3.67,$3.67,36.7 ¢/oz
"Crunch Pak Fresh Sweet Apple Slices, Family Size, 14 oz Resealable Bag",Apples,3.97,$3.97,28.4 ¢/oz
"Great Value Diced Mangos, 4 oz, 4 Count","Canned, Jarred & Cup Fruits",1.88,$1.88,11.8 ¢/oz
"Great Value Strawberry Banana Blend, 48 oz (Frozen)",Frozen Fruits,6.86,$6.86,14.3 ¢/oz
"Fresh Plantain, 1 Count",Bananas,0.64,$0.64,
"Great Value Canned Mandarin Oranges, 15 oz","Canned, Jarred & Cup Fruits",1.92,$1.92,12.8 ¢/oz
"Fresh USDA Organic Strawberries, 1 lb Container",Fresh Fruits,5.88,$5.88,36.8 ¢/oz
"Del Monte No Sugar Added Bartlett Pears, Canned Fruit, 14.5 oz Can","Canned, Jarred & Cup Fruits",2.24,$2.24,15.4 ¢/oz
"Dole Sliced Peaches in 100% Fruit Juice, 23.5 oz Jar","Canned, Jarred & Cup Fruits",4.77,$4.77,20.3 ¢/oz
"Del Monte No Sugar Added Red Grapefruit, 52 oz Jar","Canned, Jarred & Cup Fruits",8.97,$8.97,17.3 ¢/oz
"Great Value Pitted Dark Sweet Cherries, 16 oz (Frozen)",Frozen Fruits,3.82,$3.82,23.9 ¢/oz
"Fresh Red Delicious Apple, Each",Apples,0.71,$0.71,$1.44/lb
"Great Value Freeze Dried Strawberry Fruit Crisps, 1 oz",Dried Fruits,3.97,$3.97,$3.97/oz
"Great Value Diced Peaches in Juice, 4 oz, 4 Count","Canned, Jarred & Cup Fruits",2.48,$2.48,15.5 ¢/oz
"Fresh Kishu Kisses Mandarins, 1 lb Bag",Fresh Fruits,4.97,$4.97,$4.97/lb
"POM Wonderful Pomegranate Arils, Ready to Eat Pomegranate Seeds, 4 oz",Fresh Fruits,4.97,$4.97,$1.24/oz
"Great Value No Sugar Added Sliced Peaches, 14.5 oz","Canned, Jarred & Cup Fruits",1.66,$1.66,11.4 ¢/oz
"Pitaya FoodsFrozen Passion FruitPieces, Non-GMO Exotic Frozen Fruit For Smoothies, 12 oz",Frozen Fruits,5.12,$5.12,42.7 ¢/oz
"Fresh Organic Honeycrisp Apples, 2 lb Pouch",Apples,6.38,$6.38,$3.19/lb
"Dole Pineapple Chunks in 100% Pineapple Juice, 20 oz Can","Canned, Jarred & Cup Fruits",2.58,$2.58,12.9 ¢/oz
"Great Value Cherry Mixed Fruit in 100% Juice, 4 oz, 4 Ct","Canned, Jarred & Cup Fruits",2.48,$2.48,15.5 ¢/oz
"Fresh Pink Lady Apple, Each",Apples,0.82,$0.82,$1.68/lb
"Great Value Fruit Cocktail in Juice, 15 oz","Canned, Jarred & Cup Fruits",1.72,$1.72,11.5 ¢/oz
"Fresh Black Seedless Grapes, Bag (2.25 lbs/Bag Est.)",Grapes,5.11,$5.11,$2.27/lb
"Great Value No Sugar Added Canned Sliced Pears, 14.5 oz","Canned, Jarred & Cup Fruits",1.82,$1.82,12.6 ¢/oz
"Marketside Fresh Cut Watermelon, 32 oz Tray",Watermelons,7.36,$7.36,23.0 ¢/oz
"Marketside Fresh Cut Melon Trio, 16 oz Tray",Fresh Fruits,6.47,$6.47,40.4 ¢/oz
"Del Monte Yellow Cling Sliced Peaches, Canned Fruit, 15 oz Can","Canned, Jarred & Cup Fruits",2.62,$2.62,17.5 ¢/oz
"Pitaya FoodsBite-Sized Immunity Frozen FruitBlend, Dragon Fruit, Passion Fruit, and Mango, 12 oz",Frozen Fruits,5.86,$5.86,48.8 ¢/oz
"Great Value Whole Red Raspberries, 12 oz (Frozen)",Frozen Fruits,3.96,$3.96,33.0 ¢/oz
"Marketside Pineapple, 32 oz Tray",Fresh Fruits,6.98,$6.98,21.8 ¢/oz
"Fresh Rockit, Crisp Sweet Miniature Apples, 3lb Tub",Apples,9.18,$9.18,$3.06/lb
"Great Value Cherry Berry Blend, 48 oz (Frozen) in Resealable Bag",Frozen Fruits,8,$8.00,16.7 ¢/oz
El Leoncito El Loco Cherry's,Fresh Fruits,4.48,$4.48,56.0 ¢/oz
"Great Value Maraschino Cherries, 10 oz","Canned, Jarred & Cup Fruits",3,$3.00,30.0 ¢/oz
"Fresh Cosmic Crisp Apples, Each",Apples,0.94,$0.94,$1.74/lb
"Great Value Triple Berry Blend, 48 oz (Frozen)",Frozen Fruits,11.28,$11.28,23.5 ¢/oz
"Great Value Fruit Salad Blend, 48 oz (Frozen)",Frozen Fruits,9.42,$9.42,19.6 ¢/oz
"Marketside Fresh Cut Cantaloupe, 10 oz Tray",Fresh Fruits,3.18,$3.18,31.8 ¢/oz
"Pitaya Foods Acai Berry Packs with Guarana, Organic Frozen Fruit for Smoothies and Bowls, 14 oz",Frozen Fruits,6.57,$6.57,46.9 ¢/oz
"Great Value No Sugar Added Fruit Cocktail in Water, 14.5 oz","Canned, Jarred & Cup Fruits",1.66,$1.66,11.4 ¢/oz
"Del Monte Diced Mango in Extra Light Syrup, Canned Fruit, 15 oz Can","Canned, Jarred & Cup Fruits",2.74,$2.74,18.3 ¢/oz
"Crunch Pak Grab N Go! Sliced Apples Multi-Pak Tray with 1.8oz Individually Packaged Bags, 6 Pack",Apples,4.97,$4.97,46.0 ¢/oz
"Fresh Envy Apples, 3 lb Bag",Apples,5.97,$5.97,$1.99/lb
"Great Value Canned Pineapple Tidbits, 20 oz","Canned, Jarred & Cup Fruits",1.68,$1.68,8.4 ¢/oz
"Polar Sliced Peaches in Light Syrup, 20 oz Glass Jar","Canned, Jarred & Cup Fruits",3.53,$3.53,18.1 ¢/oz
"Marketside Fresh Cut Watermelon Chunks, 42 oz Tray",Watermelons,9.24,$9.24,22.0 ¢/oz
"Crunch Pak Fresh Organic Peeled Sliced Apples, Family Sized 12oz Featuring Bluey",Apples,3.87,$3.87,32.3 ¢/ea
"Dole Mandarin Oranges in 100% Fruit Juice, 23.5 oz Jar","Canned, Jarred & Cup Fruits",4.77,$4.77,20.3 ¢/oz
Fresh Organic Blueberries Dry Pint Container,Fresh Fruits,4.78,$4.78,43.5 ¢/oz
"Great Value Tropical Fruit Blend, 48 oz (Frozen)",Frozen Fruits,9.28,$9.28,19.3 ¢/oz
"Great Value Sliced Yellow Cling Peaches in Juice, 14.75 oz Can","Canned, Jarred & Cup Fruits",1.72,$1.72,11.6 ¢/oz
"Del Monte Yellow Cling Peach Chunks, Canned Fruit, 15.25 oz Can","Canned, Jarred & Cup Fruits",2.62,$2.62,17.1 ¢/oz
"Del Monte No Sugar Added Fruit Cup Snacks Snacks, 4 oz Cup (Pack of 12)","Canned, Jarred & Cup Fruits",9.18,$9.18,19.1 ¢/oz
"Great Value Cherry Mixed Fruit, 4 oz, 12 Count","Canned, Jarred & Cup Fruits",7.58,$7.58,15.8 ¢/oz
"Nature's Premium Fruit Pearls, Frozen Fruit Snack, Triple Berry, 2.3 oz Cups, 4 Count Box",Fruit Snacks,4.94,$4.94,53.7 ¢/oz
"Fresh Envy Apples, Each",Apples,1.06,$1.06,$1.97/lb
"Del Monte No Sugar Added Diced Peaches Fruit Cup Snacks, 3.75 oz Cup (Pack of 4)","Canned, Jarred & Cup Fruits",3,$3.00,20.0 ¢/oz
"Fresh SunGold Kiwis, 1lb, Package",Fresh Fruits,4.97,$4.97,31.1 ¢/oz
"Fresh Keylimes, 1 lb Bag",Fresh Fruits,2.98,$2.98,$2.98/lb
"Fresh Fuji Apple, Each",Apples,0.77,$0.77,$1.42/lb
"bettergoods Yellow Cling Peach Halves in Light Syrup with Amaretto Flavor, 20 oz","Canned, Jarred & Cup Fruits",3.48,$3.48,17.4 ¢/oz
"Dole Tropical Gold Pineapple Chunks in 100% Pineapple Juice, 15 oz Can","Canned, Jarred & Cup Fruits",2.58,$2.58,16.9 ¢/oz
"Dole Pineapple Tidbits in 100% Fruit Juice, 20 oz Can",Juices,2.58,$2.58,12.9 ¢/oz
"Great Value Light Syrup Extra Cherry Fruit Mix, 15 oz","Canned, Jarred & Cup Fruits",1.72,$1.72,11.5 ¢/oz
"Del Monte Pear Halves in 100% Juice, Canned Fruit, 15 oz Can","Canned, Jarred & Cup Fruits",2.24,$2.24,14.9 ¢/oz
"Del Monte Diced Mango Fruit Cup Snacks in 100% Fruit Juice, 4 oz Cup (Pack of 4)","Canned, Jarred & Cup Fruits",3.13,$3.13,19.6 ¢/oz
"Fresh USDA Organic Blackberries, 6 oz. Container",Fresh Fruits,3.88,$3.88,64.7 ¢/oz
"Fresh Jumbo Blueberries, 9.8 oz Container",Fresh Fruits,5.52,$5.52,56.3 ¢/oz
"Great Value Fruit Cocktail in Heavy Syrup, 30 oz","Canned, Jarred & Cup Fruits",2.78,$2.78,9.3 ¢/oz
"Great Value Mandarin Oranges in 100% Juice, 4 oz, 4 Count","Canned, Jarred & Cup Fruits",2.37,$2.37,14.8 ¢/oz
"Great Value Sliced Peaches in Juice, 29 oz","Canned, Jarred & Cup Fruits",2.78,$2.78,9.6 ¢/oz
"Del Monte Sliced Peaches in Heavy Syrup, Canned Fruit, 29 oz Can","Canned, Jarred & Cup Fruits",3.77,$3.77,13.0 ¢/oz
"Del Monte No Sugar Added Sliced Peaches, Canned Fruit, 14.5 oz Can","Canned, Jarred & Cup Fruits",2.62,$2.62,18.1 ¢/oz
"Dole Tropical Gold Pineapple Slices in 100% Pineapple Juice, 15 oz Can","Canned, Jarred & Cup Fruits",2.58,$2.58,25.8 ¢/oz
"Dole Mandarin Oranges in Light Syrup, 11 oz Can","Canned, Jarred & Cup Fruits",1.97,$1.97,17.9 ¢/oz
"Del Monte Very Cherry Mixed Fruit in Extra Light Syrup, Canned Fruit, 15 oz Can","Canned, Jarred & Cup Fruits",2.62,$2.62,17.5 ¢/oz
"Del Monte Yellow Cling Sliced Peaches, Canned Fruit, 15.25 oz Can","Canned, Jarred & Cup Fruits",2.62,$2.62,17.1 ¢/oz
"Nature's Premium Fruit Pearls, Frozen Fruit Snack, Strawberry Banana, 2.3 oz, 4 Count Box",Frozen Fruits,4.94,$4.94,53.7 ¢/oz
"Dole Pineapple Slices in 100% Pineapple Juice, 20 oz Can","Canned, Jarred & Cup Fruits",2.58,$2.58,12.9 ¢/oz
Fieldpack Unbranded Granny Smith Apples Bulk,Apples,0.63,$0.63,$1.28/lb
"Fresh USDA Organic Raspberries, 6 oz. Container",Fresh Fruits,3.88,$3.88,64.7 ¢/oz
"Dole Mandarin Oranges in 100% Fruit Juice From Concentrate**, 15 oz Can","Canned, Jarred & Cup Fruits",2.37,$2.37,15.8 ¢/oz
"bettergoods Tropical Pineapple Fruit Peelables, 0.63 oz, 12 Count",Fruit Snacks,4.97,$4.97,65.7 ¢/oz
"Marketside Greenhouse Grown Fresh Strawberries, 12 oz Container",Fresh Fruits,4.88,$4.88,40.7 ¢/oz
"Fresh Organic Granny Smith Apples, 3 lb Pouch",Apples,5.84,$5.84,$1.95/lb
"Sweet Tamarinds, 1 lb Package",Fresh Fruits,4.97,$4.97,
"Dole No Sugar Added^ Pineapple Chunks in Water^^, 20 oz Can","Canned, Jarred & Cup Fruits",2.58,$2.58,12.9 ¢/oz
"Marketside Fresh Cut Pineapple, 42 oz Tray",Fresh Fruits,9.76,$9.76,23.2 ¢/oz
Del Monte Fruit Delights Sliced Peaches in Brown Sugar Extra Light Syrup 15 oz. Can,"Canned, Jarred & Cup Fruits",2.92,$2.92,19.5 ¢/oz
"Del Monte Grapefruit Citrus Salad, Light Syrup, Canned Fruit 15 oz Can","Canned, Jarred & Cup Fruits",2.56,$2.56,17.1 ¢/oz
"Del Monte Mandarin Orange Fruit Cup Snacks, 4 oz Cup (Pack of 4)","Canned, Jarred & Cup Fruits",3,$3.00,18.8 ¢/oz
"Fresh Organic Oranges, 3 lb Bag",Fresh Fruits,5.97,$5.97,$1.99/lb
"Marketside Apple Slices, 42 oz Tray",Fresh Fruits,12.97,$12.97,30.9 ¢/oz
"Great Value Mandarin Oranges, 4 oz, 12 Ct","Canned, Jarred & Cup Fruits",8.37,$8.37,17.4 ¢/oz
"Del Monte Red Grapefruit in Extra Light Syrup, 52 oz Jar","Canned, Jarred & Cup Fruits",8.97,$8.97,17.3 ¢/oz
"Del Monte No Sugar Added Mixed Fruit Cocktail, Canned Fruit, 14.5 oz Aluminum Can","Canned, Jarred & Cup Fruits",2.62,$2.62,18.1 ¢/oz
"Great Value Frozen Blackberries, 16 oz",Frozen Fruits,3.76,$3.76,23.5 ¢/oz
"Del Monte Fruit Cocktail in Heavy Syrup, Canned Fruit, 15.25 oz Can","Canned, Jarred & Cup Fruits",2.62,$2.62,17.2 ¢/oz
"Fresh Red Grapefruit, 5 lb Bag",Fresh Fruits,5.76,$5.76,$1.15/lb
"Del Monte Fruit Cocktail in Heavy Syrup, 30 oz Can, Canned Fruit","Canned, Jarred & Cup Fruits",3.77,$3.77,12.6 ¢/oz
"Del Monte Yellow Freestone Sliced Peaches, Canned Fruit, 15.25 oz Can","Canned, Jarred & Cup Fruits",2.62,$2.62,17.1 ¢/oz
"Marketside Fresh Cut Fruit Tray with Vanilla Dip, 48 oz",Packaged Salads,13.47,$13.47,28.1 ¢/oz
"Del Monte Fruit Cocktail in Fruit Juice, Canned Fruit, 15 oz Can","Canned, Jarred & Cup Fruits",2.62,$2.62,17.5 ¢/oz
"Fresh Red Delicious Apples, 5 lb Bag",Apples,5.83,$5.83,$1.17/lb
"Del Monte Yellow Cling Peach Halves, Canned Fruit, 29 oz Can","Canned, Jarred & Cup Fruits",3.77,$3.77,13.0 ¢/oz
"Oregon Fruit Dark Sweet Cherries in 100% Cherry Juice, No Sugar Added, 14.5 oz","Canned, Jarred & Cup Fruits",5.17,$5.17,35.7 ¢/oz
"Dole Pineapple Slices in Heavy Syrup, 20 oz Can","Canned, Jarred & Cup Fruits",1.53,$1.53,7.7 ¢/oz
"Del Monte Sliced Bartlett Pears in Heavy Syrup, Canned Fruit, 15.25 oz Can","Canned, Jarred & Cup Fruits",2.24,$2.24,14.6 ¢/oz
"Great Value Sliced Strawberries with Sugar, 15.5 oz (Frozen)","Canned, Jarred & Cup Fruits",3.96,$3.96,25.5 ¢/oz
"Del Monte Bartlett Pear Halves in Heavy Syrup, 15.25 oz Can","Canned, Jarred & Cup Fruits",2.24,$2.24,14.6 ¢/oz
"Great Value Diced Yellow Cling Peaches in Juice, 4 oz, 12 Count","Canned, Jarred & Cup Fruits",8.37,$8.37,17.4 ¢/oz
"Great Value Pear Halves in Pear Juice, 15 oz","Canned, Jarred & Cup Fruits",1.57,$1.57,10.5 ¢/oz
"Crunch Pak Paw Patrol with Sweet Sliced Apples, Fruit Snacks, Cheese and Cinnamon Dog Bone Cookies",Fresh Fruits,2.97,$2.97,76.2 ¢/oz
"Fresh Jazz Apples, 3 lb Bag",Apples,4.26,$4.26,$1.42/lb
"bettergoods Sour Coated Frozen Grapes, 8 oz",Frozen Fruits,5.68,$5.68,71.0 ¢/oz
"Great Value Pineapple Chunks, 48 oz (Frozen)",Frozen Fruits,8.53,$8.53,17.8 ¢/oz
"Great Value Sliced Peaches, 15.25 oz Can","Canned, Jarred & Cup Fruits",1.72,$1.72,11.2 ¢/oz
"bettergoods Pineapple Chunks in Light Syrup with Coconut Water and Natural Flavor, 24 oz","Canned, Jarred & Cup Fruits",5.23,$5.23,21.8 ¢/oz
"Del Monte Lite Apricot Halves, Canned Fruit, 15 oz Can","Canned, Jarred & Cup Fruits",3.28,$3.28,21.9 ¢/oz
"Great Value Sliced Strawberries with Sugar, 23.2 oz (Frozen)","Canned, Jarred & Cup Fruits",5.44,$5.44,23.4 ¢/oz
"Dole Tropical Fruit in White Grape and Passion Fruit Juice Blend, 15.25 oz Can","Canned, Jarred & Cup Fruits",2.58,$2.58,16.9 ¢/oz
"Fresh Coconut, Each, 1 Count",Fresh Fruits,2.74,$2.74,
"Del Monte No Sugar Added Bartlett Pears, 14.5 oz Can (Pack of 4) Canned Fruit","Canned, Jarred & Cup Fruits",9.58,$9.58,16.5 ¢/oz
"Oregon Fruit Red Tart Cherries in Water, 14.5 oz Can","Canned, Jarred & Cup Fruits",4.76,$4.76,32.8 ¢/oz
Del Monte Cherry Mixed Fruit No Sugar Added Fruit Cup Snacks 4 oz Cup (Pack of 4),"Canned, Jarred & Cup Fruits",3.28,$3.28,20.5 ¢/oz
"Fresh Organic Lemons, 2 lb Bag",Fresh Fruits,4.54,$4.54,$2.27/lb
"Fresh Limes, 2 lb Bag",Fresh Fruits,4.98,$4.98,$2.49/lb
"Great Value Mandarin Oranges in Light Syrup, 15 oz","Canned, Jarred & Cup Fruits",1.92,$1.92,12.8 ¢/oz
"Del Monte Red Grapefruit in Light Syrup, 15 oz","Canned, Jarred & Cup Fruits",2.56,$2.56,17.1 ¢/oz
"Great Value Mandarin Oranges in Light Syrup, 29 oz","Canned, Jarred & Cup Fruits",3.44,$3.44,11.9 ¢/oz
"Great Value Sliced Strawberries, 64 oz (Frozen)",Frozen Fruits,10.32,$10.32,16.1 ¢/oz
"Del Monte Yellow Cling Sliced Peaches in 100% Juice, 15 oz Can (Pack of 4) Canned Fruit","Canned, Jarred & Cup Fruits",9.12,$9.12,15.2 ¢/oz
"(2 pack) Great Value Fruit Cocktail in Heavy Syrup, 30 oz","Canned, Jarred & Cup Fruits",5.56,$5.56,9.3 ¢/oz
"Nature's Premium Fruit Pearls, Frozen Fruit Snack, Orange & Cream, 2.3 oz, 4 Count Box",Fruit Snacks,4.94,$4.94,53.7 ¢/oz
"Great Value Maraschino Cherries, 16 oz","Canned, Jarred & Cup Fruits",3.86,$3.86,24.1 ¢/oz
"Wyman's Wild Blueberry, 1 - 48 oz Bag (Frozen)",Frozen Fruits,12.48,$12.48,26.0 ¢/oz
"Del Monte No Sugar Added Citrus Salad with Grapefruit and Orange, 52 oz Jar","Canned, Jarred & Cup Fruits",8.97,$8.97,17.3 ¢/oz
"Del Monte Canned Dark Sweet Pitted Cherries, Heavy Syrup, 15 oz Can","Canned, Jarred & Cup Fruits",4.23,$4.23,28.2 ¢/oz
"Great Value Premium Cocktail Cherries, 11 oz",Cocktail Mixers,4.47,$4.47,40.6 ¢/oz
"Welch's Fruitfuls Strawberry Soft Fruit Strips for Stocking Stuffers, .5 oz (10 Pack)",Fruit Leathers,3.38,$3.38,67.6 ¢/oz
"Great Value Canned Pear Halves in Heavy Syrup, 29 oz, Can","Canned, Jarred & Cup Fruits",2.92,$2.92,10.1 ¢/oz
"Dole Crushed Pineapple in 100% Pineapple Juice, 20 oz Can","Canned, Jarred & Cup Fruits",1.53,$1.53,7.7 ¢/oz
"Oregon Fruit Dark Sweet Cherries in Heavy Syrup, 15 oz Can","Canned, Jarred & Cup Fruits",4.58,$4.58,30.5 ¢/oz
"Great Value Mango Chunks, 48 oz (Frozen)",Frozen Fruits,9.88,$9.88,20.6 ¢/oz
"(2 pack) Dole Pineapple Tidbits in 100% Fruit Juice, 20 oz Can","Canned, Jarred & Cup Fruits",5.16,$5.16,12.9 ¢/oz
"Del Monte Fruit Delights Sliced Pears with Cinnamon in Extra Light Syrup, 15 oz. Can","Canned, Jarred & Cup Fruits",3.12,$3.12,20.8 ¢/oz
"Fresh Organic Limes, 1 lb Bag",Fresh Fruits,2.98,$2.98,$2.98/lb
"(2 pack) Oregon Fruit Red Tart Cherries in Water, 14.5 oz Can","Canned, Jarred & Cup Fruits",9.52,$9.52,32.8 ¢/oz
"(2 pack) Great Value Diced Peaches, Mandarin Segments, & Cherry Mixed Fruits Variety Pack, 4 oz, 12 Pack","Canned, Jarred & Cup Fruits",16.74,$16.74,17.4 ¢/oz
"Genuine Coconut Refrigerated Fresh Organic Coconut Chunks, Original, 2 oz",Fresh Fruits,1.97,$1.97,98.5 ¢/oz
"Fruit Riot Sour Candy Mixed Grapes, Made with Real Fruit, 8oz, Gluten-Free",Frozen Fruits,5.97,$5.97,74.6 ¢/oz
"Great Value Blueberries, 48 oz (Frozen)",Packaged Side Dishes,8.22,$8.22,17.1 ¢/oz
"(2 pack) Del Monte No Sugar Added Diced Peaches Fruit Cup Snacks, 3.75 oz Cup (Pack of 4)","Canned, Jarred & Cup Fruits",6,$6.00,20.0 ¢/oz
"(4 pack) Dole Sliced Peaches in 100% Fruit Juice, 23.5 oz Jar","Canned, Jarred & Cup Fruits",19.08,$19.08,20.3 ¢/oz
"Welch's Fruit Snacks Gluten-Free Mixed Fruit Soft Fruit Snacks, .8 oz, 10 Count",Fruit Snacks,2.97,$2.97,37.1 ¢/oz
"Oregon Fruit Rhubarb Slices in Extra Light Syrup, 14.6 oz Can","Canned, Jarred & Cup Fruits",4.97,$4.97,34.0 ¢/oz
"Great Value Whole Strawberries, 64 oz (Frozen)",Frozen Fruits,9.88,$9.88,15.4 ¢/oz
"Great Value Organic Raspberries, 10 oz (Frozen)",Frozen Fruits,4.58,$4.58,45.8 ¢/oz
"Great Value Canned Sliced Pears, 15.25 oz","Canned, Jarred & Cup Fruits",1.82,$1.82,11.9 ¢/oz
"Welch's Fruit Snacks Gluten-Free Island Fruits Soft Fruit Snacks, .8 oz, 22 Count",Fruit Snacks,5.74,$5.74,32.6 ¢/oz
"(4 pack) Great Value Cherry Mixed Fruit, 4 oz, 12 Count","Canned, Jarred & Cup Fruits",30.32,$30.32,15.8 ¢/oz
"Del Monte Mandarin Oranges No Sugar Added, 15 oz Can (Pack of 4), Canned Fruit","Canned, Jarred & Cup Fruits",12.27,$12.27,20.5 ¢/oz
"(2 pack) Oregon Fruit Dark Sweet Cherries in Heavy Syrup, 15 oz Can","Canned, Jarred & Cup Fruits",9.16,$9.16,30.5 ¢/oz
"(8 pack) Great Value Fruit Cocktail in Juice, 15 oz","Canned, Jarred & Cup Fruits",13.76,$13.76,11.5 ¢/oz
"(4 pack) Dole Mandarin Oranges in 100% Fruit Juice, 23.5 oz Jar","Canned, Jarred & Cup Fruits",19.08,$19.08,20.3 ¢/oz
"(4 pack) Dole Crushed Pineapple in 100% Pineapple Juice, 20 oz Can","Canned, Jarred & Cup Fruits",6.12,$6.12,7.7 ¢/oz
"Mezzetta Maraschino Cherries with Stems, 11 oz Jar","Canned, Jarred & Cup Fruits",5.72,$5.72,52.0 ¢/oz
"(8 pack) Great Value Mandarin Oranges in Light Syrup, 15 oz","Canned, Jarred & Cup Fruits",15.36,$15.36,12.8 ¢/oz
"(8 pack) Great Value No Sugar Added Fruit Cocktail in Water, 14.5 oz","Canned, Jarred & Cup Fruits",13.28,$13.28,11.4 ¢/oz
"Crunch Pak SpongeBob Snacker with Fresh Sliced Apples, Cheese and Chocolate Pretzels, 4.25 oz Tray",Fresh Fruits,2.97,$2.97,69.9 ¢/oz
"Welch's Fruit Snacks Gluten-Free Mixed Fruit Soft Fruit Snacks, .8 oz, 22 Count",Fruit Snacks,5.74,$5.74,32.6 ¢/oz
"Great Value Pitted Dark Sweet Cherries, 40 oz (Frozen)",Frozen Fruits,9.58,$9.58,24.0 ¢/oz
Lemons 2lb Bag,Fresh Fruits,3.92,$3.92,$1.96/lb
"(4 pack) Dole Pineapple Slices in Heavy Syrup, 20 oz Can","Canned, Jarred & Cup Fruits",6.12,$6.12,7.7 ¢/oz
"Fruit Riot Sour Candy Grapes, Made with Real Fruit, 8 oz, Gluten-Free",Frozen Fruits,5.97,$5.97,74.6 ¢/oz
"Nature's Premium Fruit Pearls, Frozen Fruit Snack, Strawberry & Cream, 2.3 oz, 4 Count Box",Fruit Snacks,4.94,$4.94,53.7 ¢/oz
"(6 pack) Great Value Canned Pineapple Tidbits, 20 oz","Canned, Jarred & Cup Fruits",10.08,$10.08,8.4 ¢/oz
"Dole Good Crunch Original Banana Bites, Made with All Natural Fruit, 2.5 oz",Fruit Snacks,3.12,$3.12,$1.25/oz
"Fruit by the Foot Fruit Flavored Snacks, Gluten Free, Variety Pack, 18 Count, 13.5 oz",Fruit Snacks,8.37,$8.37,62.0 ¢/oz
"(8 pack) Great Value Sliced Yellow Cling Peaches in Juice, 14.75 oz Can","Canned, Jarred & Cup Fruits",13.76,$13.76,11.6 ¢/oz
"(6 pack) Great Value Canned Sliced Pears, 15.25 oz","Canned, Jarred & Cup Fruits",10.92,$10.92,11.9 ¢/oz
"(3 pack) Del Monte Diced Peaches Fruit Cup Snacks in 100% Fruit Juice, 4 oz Cup (Pack of 12)","Canned, Jarred & Cup Fruits",27.54,$27.54,19.1 ¢/oz
"(2 pack) Oregon Fruit Canned Blueberries in Light Syrup, 15 oz Can","Canned, Jarred & Cup Fruits",9.16,$9.16,30.5 ¢/oz
"(8 pack) Great Value No Sugar Added Canned Sliced Pears, 14.5 oz","Canned, Jarred & Cup Fruits",14.56,$14.56,12.6 ¢/oz
"Minute Maid Premium Watermelon Fruit Juice, 59 fl oz Carton",Juices,1.97,$1.97,3.3 ¢/fl oz
"(8 pack) Great Value Pear Halves in Pear Juice, 15 oz","Canned, Jarred & Cup Fruits",14.56,$14.56,12.1 ¢/oz
"(4 pack) Great Value Sliced Peaches, 15.25 oz Can","Canned, Jarred & Cup Fruits",6.88,$6.88,11.2 ¢/oz
"(2 pack) Del Monte No Sugar Added Mandarin Oranges Fruit Cup Snacks, 4 oz Cup (Pack of 4)","Canned, Jarred & Cup Fruits",9.06,$9.06,28.3 ¢/oz
"bettergoods Apple Strawberry Mango Fruit Pouches, 3.17 oz, 10 Count Pouches",Applesauce & Fruit Sauces,7.48,$7.48,23.6 ¢/oz
"Welch's Fruit Snacks Gluten-Free Berries 'N Cherries Soft Fruit Snacks, .8 oz, 10 Count",Fruit Snacks,2.97,$2.97,37.1 ¢/oz
"(2 pack) Oregon Fruit Dark Sweet Cherries in 100% Cherry Juice, No Sugar Added, 14.5 oz","Canned, Jarred & Cup Fruits",10.34,$10.34,35.7 ¢/oz
"BEAR Fruit Splits Variety Pack 8.4oz, 12ct, Non GMO, Vegan",Fruit Snacks,7.58,$7.58,90.2 ¢/oz
"Glory Foods Seasoned Southern Style Fried Apples, 14.5 oz., Can","Canned, Jarred & Cup Fruits",2.17,$2.17,15.0 ¢/oz
"Great Value Wild Blueberries, 40 oz (Frozen)","Canned, Jarred & Cup Fruits",8.64,$8.64,21.6 ¢/oz
"(8 pack) Great Value Canned Crushed Pineapple, 20 oz","Canned, Jarred & Cup Fruits",13.44,$13.44,8.4 ¢/oz
"(4 pack) bettergoods Yellow Cling Peach Halves in Light Syrup with Amaretto Flavor, 20 oz","Canned, Jarred & Cup Fruits",13.92,$13.92,17.4 ¢/oz
"Minute Maid Premium Peach Fruit Juice Drink, 59 fl oz Carton",Juices,1.97,$1.97,3.3 ¢/fl oz
"Wyman's Just Fruit & Greek Yogurt Bites, Raspberry & Strawberry, 4 Pack of 2.3 oz Cups (Frozen)","Ice Cream, Sorbet & Frozen Yogurt",4.94,$4.94,53.7 ¢/oz
"Crunch Pak Snacker with Sweet Sliced Apples, Cheddar Cheese and Pretzels, 3.9 oz Tray",Apples,2.97,$2.97,76.2 ¢/oz
"Welch's Valentines Fruit Snacks Gluten-Free Mixed Fruit Soft Fruit Snacks, .5 oz, 26 Count",Fruit Snacks,5.87,$5.87,45.2 ¢/oz
"(4 pack) Great Value Diced Yellow Cling Peaches in Juice, 4 oz, 12 Count","Canned, Jarred & Cup Fruits",33.48,$33.48,17.4 ¢/oz
"Welch's Fruit Snacks Gluten-Free Summer Fruit Soft Fruit Snacks, .8 oz (22 pack)",Fruit Snacks,5.74,$5.74,32.6 ¢/oz
"(3 pack) bettergoods Pineapple Chunks in Light Syrup with Coconut Water and Natural Flavor, 24 oz","Canned, Jarred & Cup Fruits",15.69,$15.69,21.8 ¢/oz
"Welch's Passion Fruit Fruit Juice Drink, 59 fl oz carton",Juices,3.28,$3.28,5.6 ¢/fl oz
"Taylor Farms Strawberry PB&J Lunch Box, 8.37oz Bites (Fresh)",Fresh Fruits,4.97,$4.97,59.4 ¢/oz
"Kencko Chocolate Strawberry Crunchy Fruit Snaps, Freeze Dried Fruit Snacks, 1 oz Bag",Fruit Snacks,4.17,$4.17,$4.17/oz
"(2 pack) Great Value Maraschino Cherries, 16 oz","Canned, Jarred & Cup Fruits",7.72,$7.72,24.1 ¢/oz
"(2 pack) Polar Sliced Peaches in Light Syrup, 20 oz Glass Jar","Canned, Jarred & Cup Fruits",7.06,$7.06,18.1 ¢/oz
"Pitaya Foods Passion Fruit and Dragon Fruit Swirl Smoothie Bowl, 8 fl oz",Fruit Snacks,3.86,$3.86,48.3 ¢/fl oz
"Welch's Fruit Snacks Gluten-Free Fruit Punch & Berries 'N Cherries Soft Fruit Snacks, .8 oz, 22 Count",Fruit Snacks,5.74,$5.74,32.6 ¢/oz
"Mott's Fruit Flavored Snacks, Assorted Fruit, Gluten Free, Value Pack, 22 Pouches, 17.6 oz",Fruit Snacks,5.22,$5.22,29.7 ¢/oz
"Welch's Fruitfuls Berry Medley Soft Fruit Strips, .5 oz (10 pack)",Fruit Leathers,3.38,$3.38,67.6 ¢/oz
"Fruit Roll-Ups, Fruit by the Foot, Gushers, Snacks Variety Pack, 16 Ct, 10.2 oz",Fruit Snacks,6.12,$6.12,60.0 ¢/oz
"Ocean Spray Jellied Cranberry Sauce, Canned Side Dish, 14 oz Can","Canned, Jarred & Cup Fruits",2.47,$2.47,17.6 ¢/oz
Mott's Gluten Free Assorted Fruit Flavored Snacks (40 Pouches),Fruit Snacks,8.37,$8.37,26.2 ¢/oz
"Fresh Navel Oranges, 4 lb Bag",Fresh Fruits,3.97,$3.97,$3.97/lb
"bettergoods Strawberry Fruit Strips, 10 oz, 20 Count",Fruit Snacks,6.47,$6.47,64.7 ¢/oz
"(2 pack) Oregon Fruit Rhubarb Slices in Extra Light Syrup, 14.6 oz Can","Canned, Jarred & Cup Fruits",9.94,$9.94,34.0 ¢/oz
"Welch's Fruit Snacks Gluten-Free Mixed Fruit Soft Fruit Snacks, .8 oz, 40 Count",Fruit Snacks,9.18,$9.18,28.7 ¢/oz
"Honest Kids Organic Appley Ever After Fruit Juice, 6 fl oz, 8 Juice Boxes",Juices,4.38,$4.38,9.1 ¢/fl oz
"Sunsweet Ready-To-Serve Prunes, 25 oz","Canned, Jarred & Cup Fruits",4.17,$4.17,16.7 ¢/oz
"bettergoods Organic Mixed Berry Fruit Snacks, 0.7 oz, 22 Count",Fruit Snacks,8.97,$8.97,58.2 ¢/oz
"Minute Maid Premium Mango Punch Fruit Juice, 59 fl oz Carton",Juices,1.97,$1.97,3.3 ¢/fl oz
"BEAR Fruit Rolls Variety Pack Straw/Rasp 8.4oz, 12 count",Fruit Snacks,7.58,$7.58,90.2 ¢/oz
"Minute Maid Fruit Punch, 59 fl oz Carton",Juices,1.97,$1.97,3.3 ¢/fl oz
"Kencko Organic Fruit Snacks Variety Pack, Berrylicious and Appletastic, 3.5oz, 5 Pack",Fruit Snacks,5.12,$5.12,$1.46/oz
"Kencko Berrylicious Organic Fruit Snacks, 3.5oz, 5 Pack",Fruit Snacks,5.12,$5.12,$1.46/oz
"Welch's Fruit Snacks Gluten-Free Berries 'N Cherries Soft Fruit Snacks, .8 oz, 40 Count",Fruit Snacks,9.18,$9.18,28.7 ¢/oz
"Black Forest Valentine Juicy Burst Fruit Flavored Snacks, Mixed Fruit Flavors, A Juicy Burst of Natural Flavors, Made with Real Fruit Juice, 0.8 oz 20 Count",Fruit Snacks,6.97,$6.97,43.6 ¢/oz
"Minute Maid 100% Apple Fruit Juice Drink, 10 fl oz, 6 Bottles",Juices,6,$6.00,10.0 ¢/fl oz
"Fruit by the Foot, Fruit Snacks, Variety Pack, 9 oz",Fruit Snacks,6.12,$6.12,68.0 ¢/oz
"Minute Maid No Pulp Orange Fruit Juice, 59 fl oz Carton",Juices,4.47,$4.47,7.6 ¢/fl oz
"Mott's Berry and Assorted Fruit Flavored Snacks, Gluten Free, Value Pack, 22 Count, 17.6 oz",Fruit Snacks,5.22,$5.22,29.7 ¢/oz
"Simply Non GMO No Pulp Orange Fruit Juice, 8 fl oz, 4 Bottles",Juices,5.46,$5.46,17.1 ¢/fl oz
"Dole Fruit Snacks, Mixed Berries Flavored, Big 9 Allergen Free, Dye Free, Gluten Free, Gelatin Free, Lunch Snacks 22 Count",Fruit Snacks,6.28,$6.28,35.7 ¢/oz
"Juicy Juice 100% Juice, Fruit Punch, 64 fl oz Bottle",Juices,3.94,$3.94,6.2 ¢/fl oz
"Welch's Fruit Snacks Mango-Peach Soft Fruit Snacks for Stocking Stuffers, .8 oz, 22 Count",Fruit Snacks,5.74,$5.74,32.6 ¢/oz
"Tree Top 100% Pure Pressed 3 Apple Blend Juice, Made with 100% Fruit Juice, 64 fl oz",Juices,3.28,$3.28,5.1 ¢/fl oz
"Minute Maid Original Orange Fruit Juice, 59 fl oz Carton",Juices,4.47,$4.47,7.6 ¢/fl oz
"(9 pack) GoGo squeeZ Active Electrolyte No Sugar Added Cherry Lime Raspberry Fruit Blend Pouches, 3.9 oz (4 Pack)",Applesauce & Fruit Sauces,37.62,$37.62,26.9 ¢/oz
"Great Value Fruit Smiles Snacks, Tangy Flavor, 10 Count",Fruit Snacks,2.23,$2.23,27.9 ¢/oz
"FruitBlox Unspeakable Apple Strawberry Fruit Snacks, 22 Count",Fruit Snacks,6.27,$6.27,35.6 ¢/oz
"Welch's Fruit Snacks Reduced Sugar Mixed Fruit Soft Fruit Snacks, .8 oz, 8 Count",Fruit Snacks,2.97,$2.97,46.4 ¢/oz
"Mott's Fruit Flavored Snacks, Assorted Fruit, Gluten Free Snack, 10 Count, 8 oz",Fruit Snacks,3.12,$3.12,39.0 ¢/oz
"Black Forest Juicy Burst Fruit Flavored Snacks, Mixed Fruit, 0.8 oz, 40 Count",Fruit Snacks,10.12,$10.12,31.6 ¢/oz
"Fruit Roll-Ups Fruit Flavored Snacks, Variety Value Pack, 20 Count, 10 oz",Fruit Snacks,6.12,$6.12,61.2 ¢/oz
"(3 pack) Fruit Roll-Ups, Fruit by the Foot, Gushers, Snacks Variety Pack, 16 Ct, 10.2 oz",Fruit Snacks,18.36,$18.36,60.0 ¢/oz
"Great Value Fruit Smiles Snack, Original Flavor, 10 Count",Fruit Snacks,2.23,$2.23,27.9 ¢/oz
"Gushers Fruit Flavored Snacks Variety Pack, Tropical and Strawberry Flavors, 6 Count, 4.8 oz",Fruit Snacks,2.97,$2.97,61.9 ¢/oz
"Welch's Fruit 'N Yogurt Strawberry Soft Fruit Snacks, .7 oz, 20 Count",Fruit Snacks,7.53,$7.53,53.8 ¢/oz
"Tree Top 100% Apple Juice, Made with 100% Fruit Juice, 64 fl oz",Juices,3.28,$3.28,5.1 ¢/fl oz
"bettergoods Strawberry Lemonade Fruit Twists, 0.63 oz, 12 Count",Fruit Snacks,4.97,$4.97,65.7 ¢/oz
"Capri Sun Fruit Punch, Strawberry Kiwi and Pacific Cooler Flavored Juice Drink Blend Variety Pack, 30 ct Box, 6 fl oz Pouches",Juices,9.47,$9.47,5.3 ¢/fl oz
"Fruit Roll-Ups Fruit Flavored Snacks, Stranger Things Edition, Variety Pack, 10 Count, 5 oz",Fruit Snacks,2.97,$2.97,59.4 ¢/oz
"Minute Maid Berry Punch Flavored Fruit Drink, 59 fl oz Carton",Juices,1.97,$1.97,3.3 ¢/fl oz
"Crunch Pak Snack Disney Foodles with Fresh Sweet Sliced Apples, Cheddar Cheese & Pretzels 4 oz Tray",Fresh Fruits,2.97,$2.97,74.3 ¢/oz
"Minute Maid Strawberry Lemonade Fruit Drink, 59 fl oz Carton",Juices,1.97,$1.97,3.3 ¢/fl oz
"Dole Fruit Snacks, Tropical Flavored, Big 9 Allergen Free, Dye Free, Gluten Free, Gelatin Free, Lunch Snacks 22 Count",Fruit Snacks,6.28,$6.28,35.7 ¢/oz
"Mott's Fruit Flavored Snacks, Berry, Stocking Stuffers, Gluten Free, 40 Count, 32 oz",Fruit Snacks,8.37,$8.37,26.2 ¢/oz
"Hawaiian Punch Fruit Juicy Red Juice, 1 Gal, Bottle",Juices,2.97,$2.97,2.3 ¢/fl oz
"Welch's Juicefuls Gluten-Free Berry Blast & Island Splash Soft Fruit Snacks, .8 oz, 20 Count",Fruit Snacks,8.37,$8.37,52.3 ¢/oz
"Minute Maid Orange Fruit Juice Drink, 10 fl oz, 6 Bottles",Juices,5.76,$5.76,9.6 ¢/fl oz
"Gushers Fruit Flavored Snacks, 20 Pouches, Family Pack, 16 oz",Fruit Snacks,8.37,$8.37,52.3 ¢/oz
"Welch's Fruit Snacks Gluten-Free Strawberry Soft Fruit Snacks, .8 oz (10 pack)",Fruit Snacks,2.97,$2.97,37.1 ¢/oz
"AriZona Kiwi Fruit Punch Juice Cocktail, 128 Fl. Oz.",Juices,3.57,$3.57,2.8 ¢/fl oz
"Welch's Fruit 'N Yogurt Blueberry-Acai. & Mango-Peach Soft Fruit Snacks, .7 oz, 20 Count",Fruit Snacks,7.53,$7.53,53.8 ¢/oz
"Annie's Organic Bunny Fruit Snacks, Variety Pack, Gluten Free Snack, 22 Count, 15.4 oz",Fruit Snacks,10.14,$10.14,65.8 ¢/oz
"Hi-C Orange Lavaburst Fruit Juice, 6 fl oz, 8 Juice Boxes",Juices,2.88,$2.88,6.0 ¢/fl oz
"Welch's Juicefuls Gluten-Free Fruit Wave Soft Fruit Snacks, .8 oz, 20 Count",Fruit Snacks,8.37,$8.37,52.3 ¢/oz
"Welch's Fruit Punch Juice Drink, 10 fl oz On-the-Go Bottle (Pack of 6)",Juices,4.48,$4.48,7.5 ¢/fl oz
"Great Value Fruit Smiles Snacks, Tangy Flavor, 22 Count",Fruit Snacks,4.48,$4.48,25.5 ¢/oz
"(2 pack) Welch's Fruit Punch Juice Drink, 10 fl oz On-the-Go Bottle (Pack of 6)",Juices,8.96,$8.96,7.5 ¢/fl oz
"Black Forest Juicy Burst Fruit Flavored Snacks, Berry Medley, 0.8 oz, 22 Count",Fruit Snacks,7.12,$7.12,40.5 ¢/oz
"Mott's 100% Juice Fruit Punch Juice, 8 fl oz, 6 Count Bottles",Juices,4.64,$4.64,9.7 ¢/fl oz
"GoGo squeeZ Active Electrolyte No Sugar Added Strawberry Pineapple Orange Fruit Blend, 3.9 oz (4 Pack)",Applesauce & Fruit Sauces,4.18,$4.18,26.9 ¢/oz
"Minute Maid Zero Sugar Fruit Punch Juice, 52 fl oz Bottle",Juices,2.88,$2.88,5.5 ¢/fl oz
"Fruit By The Foot Fruit Flavored Snacks, Variety Pack, 18 Rolls, 13.5 oz",Fruit Snacks,8.37,$8.37,62.0 ¢/oz
"Capri Sun Fruit Punch Flavored with other natural flavor Juice Drink Blend, 10 ct Box, 6 fl oz Pouches",Juices,2.58,$2.58,4.3 ¢/fl oz
"Great Value Fruit Smiles Snacks, Tangy Flavor, 40 Count",Fruit Snacks,7.83,$7.83,24.5 ¢/oz
"Hi-C Flashin Fruit Punch Juice, 6 fl oz, 8 Juice Boxes",Juices,2.88,$2.88,6.0 ¢/fl oz
"Fruit by the Foot Fruit Flavored Snacks, Berry Tie-Dye, 4.5 oz, 6 Count",Fruit Snacks,2.97,$2.97,66.0 ¢/oz
"Gushers Fruit Flavored Snacks, Watermelon and Sour Apple, Stocking Stuffers, 20 Count, 16 oz",Fruit Snacks,8.37,$8.37,52.3 ¢/oz
"Ocean Spray Whole Cranberry Sauce, Canned Side Dish, 14 oz Can","Canned, Jarred & Cup Fruits",2.47,$2.47,17.6 ¢/oz
"FruitBlox Unspeakable Sour Fruit Snacks, Apple Strawberry & Watermelon, 22 Count",Fruit Snacks,5.97,$5.97,38.8 ¢/oz
"(2 pack) Fruit Roll-Ups Fruit Flavored Snacks, Variety Value Pack, 20 Count, 10 oz",Fruit Snacks,12.24,$12.24,61.2 ¢/oz
"Fruit Roll-Ups Fruit Flavored Snacks, Gluten Free, Variety Pack, 30 Count, 15 oz",Fruit Snacks,8.37,$8.37,55.8 ¢/oz
"Pokemon Fruit Flavored Snacks, Fat Free and Gluten Free, Value Pack, 17.6 oz, 22 Pouches",Fruit Snacks,4.97,$4.97,28.2 ¢/oz
"Black Forest Juicy Burst Fruit Flavored Snacks, Mixed Fruit Flavors, 0.8 oz, 22 Count",Fruit Snacks,7.12,$7.12,40.5 ¢/oz
"Great Value Fruit Smiles Snacks, Original Flavors, 40 Count",Fruit Snacks,7.83,$7.83,24.5 ¢/oz
"Fruit Roll-Ups Fruit Flavored Snacks, Jolly Rancher, Variety Pack, 20 ct",Fruit Snacks,6.12,$6.12,61.2 ¢/oz
"Disney Stitch Fruit Flavored Snacks, Fat Free and Gluten Free Snack, 8 oz, 10 Pouches",Fruit Snacks,3.12,$3.12,39.0 ¢/oz
"Pure Organic Gluten-Free Strawberry Banana Layered Fruit Bars, Gluten Free and Vegan Fruit Snacks, 12 Count",Fruit Snacks,6.97,$6.97,$1.12/oz
"Brainiac Brain Squeezers Applesauce with Omega-3s, 'Mega Apple and Apple Cinnamon Variety Pack, No Sugar Added, 3.2 oz, 16 Ct",Applesauce & Fruit Sauces,13.22,$13.22,25.8 ¢/oz
"Great Value Fruit Smiles Snacks, Original Flavor, 22 Count",Fruit Snacks,5.53,$5.53,31.4 ¢/oz
"Honest Kids Organic Super Fruit Punch Juice, 6 fl oz, 8 Juice Boxes",Juices,4.38,$4.38,9.1 ¢/fl oz
"Minecraft Fruit Flavored Snacks, Fat Free and Gluten Free, Value Pack, 17.6 oz, 22 Pouches",Fruit Snacks,4.97,$4.97,28.2 ¢/oz
"Honest Kids Organic Super Fruit Punch Juice, 6.75 fl oz, 8 Pouches",Juices,3.98,$3.98,7.4 ¢/fl oz
"(3 pack) FruitBlox Unspeakable Sour Fruit Snacks, Apple Strawberry & Watermelon, 22 Count",Fruit Snacks,17.91,$17.91,38.8 ¢/oz
"Disney Moana Smooth Chewy Fruit Flavored Snacks, Gluten Free, Kids Treat, 10 Count, 8 oz",Fruit Snacks,3.12,$3.12,39.0 ¢/oz
"Gushers Tropical Fruit Flavored Snacks, Valentine Variety, 26 Mini Pouches, 11.44 oz",Fruit Snacks,6.97,$6.97,63.1 ¢/oz
(3 pack) Gushers Gluten Free Tropical & Strawberry Fruit Flavored Snacks (20 Pouches),Fruit Snacks,25.11,$25.11,52.3 ¢/oz
"Gushers Fruit Flavored Snacks, Tropical Fruit Flavor, 6 Pouches, 4.8 oz",Fruit Snacks,3.12,$3.12,65.0 ¢/oz
"YumEarth Organic Fruit Snacks, Gluten Free, Shelf-Stable, 10 Ct Box",Fruit Snacks,5.38,$5.38,76.9 ¢/oz
"YumEarth Organic Tropical Fruit Snacks, Gluten Free, Shelf-Stable, 10 Ct Box",Fruit Snacks,5.38,$5.38,76.9 ¢/oz
good2grow 6oz 100% Fruit Punch Juice 3 pack (Character Tops Vary),Juices,7.58,$7.58,42.1 ¢/fl oz
"Fruit By The Foot Splitz, Watermelon and Lemonade, Family Pack, 18 Rolls, 13.5 oz",Fruit Snacks,8.37,$8.37,62.0 ¢/oz
"Fruit Roll-Ups Valentine Wild Berry Punch Fruit Flavored Snacks, 36 Mini Rolls, 13.3 oz",Fruit Snacks,6.97,$6.97,52.4 ¢/oz
Mott's Gluten Free Animal Assorted Fruit Flavored Snacks (40 Pouches),Fruit Snacks,8.37,$8.37,26.2 ¢/oz
"Scooby-Doo Gluten-Free Fruit Flavored Chewy Snacks, Value Pack, 22 Count, 17.6 oz",Fruit Snacks,4.97,$4.97,28.2 ¢/oz
"Capri Sun Pacific Cooler Mixed Fruit Flavored Juice Drink Blend, 10 ct Box, 6 fl oz Pouches",Juices,2.58,$2.58,4.3 ¢/fl oz
"Brainiac Fruit Snacks with BrainPack, Mixed Berry Flavor, 20 Count",Fruit Snacks,8.12,$8.12,64.4 ¢/oz
"Fruit of the Earth Original Aloe Vera Drink, 32 Fl Oz",Juices,4.97,$4.97,15.5 ¢/fl oz
"Sonic Fruit Flavored Snacks, Fat Free and Gluten Free, Value Pack, 17.6 oz, 22 Pouches",Fruit Snacks,4.97,$4.97,28.2 ¢/oz
"Annie's Organic Building Blocks Fruit Flavored Snacks, Gluten Free, 22 Pouches, 15.4 oz.",Fruit Snacks,10.14,$10.14,65.8 ¢/oz
"(2 pack) Ocean Spray Whole Cranberry Sauce, Canned Side Dish, 14 oz Can","Canned, Jarred & Cup Fruits",4.94,$4.94,17.6 ¢/oz
"Bluey Fruit Flavored Snacks, Fat Free and Gluten Free, Value Pack, 17.6 oz, 22 Pouches",Fruit Snacks,4.97,$4.97,28.2 ¢/oz
"Brainiac Fruit Snacks with BrainPack, Mixed Fruit Flavor, 20 count",Fruit Snacks,8.12,$8.12,65.5 ¢/oz
"(4 pack) Ocean Spray Jellied Cranberry Sauce, Canned Side Dish, 14 oz Can","Canned, Jarred & Cup Fruits",9.88,$9.88,17.6 ¢/oz
"(3 pack) Fruit Roll-Ups Fruit Flavored Snacks, Stranger Things Edition, Variety Pack, 10 Count, 5 oz",Fruit Snacks,8.91,$8.91,59.4 ¢/oz
"Funables Fruity Snacks, Strawberry Fruit Flavored Snacks, 0.8 Ounce Pouches (22 Count)",Fruit Snacks,5.74,$5.74,32.6 ¢/oz
"Fruit Roll-Ups Fruit Flavored Snacks, Halloween Treats, Family Pack, 30 count, 15 oz",Fruit Snacks,8.37,$8.37,55.8 ¢/oz
"Annie's Organic Berry Patch Bunny Fruit Flavored Snacks, Value Pack, 22 Pouches, 15.4 oz",Fruit Snacks,10.14,$10.14,65.8 ¢/oz
"Marvel Spider-Man Fruit Flavored Snacks, Gluten Free, Kids Snacks, 10 Ct, 8 oz",Fruit Snacks,3.12,$3.12,39.0 ¢/oz
"Harry Potter Fruit Flavored Snacks, Gluten Free, Value Pack, 17.6 oz, 22 Pouches",Fruit Snacks,4.97,$4.97,28.2 ¢/oz
Gushers Gluten Free Tropical & Strawberry Fruit Flavored Snacks (12 Pouches),Fruit Snacks,6.12,$6.12,63.8 ¢/oz
"Great Value 100% Pure Pumpkin, 15 oz","Canned, Jarred & Cup Fruits",1.96,$1.96,13.1 ¢/oz
Gushers Gluten Free Tropical & Strawberry Fruit Flavored Snacks (20 Pouches),Fruit Snacks,8.37,$8.37,52.3 ¢/oz
"Capri Sun Roarin' Waters Fruit Punch Flavored with other natural flavor Water Beverage, 10 ct Box, 6 fl oz Drink Pouches",Juices,3.47,$3.47,5.8 ¢/fl oz
"Jurassic World Fruit Flavored Snacks, Gluten Free, Kids Snacks, 10 Ct, 8 oz",Fruit Snacks,3.12,$3.12,39.0 ¢/oz
"Capri Sun 100% Juice Fruit Punch Flavored All-Natural Juice Blend from Concentrate with added ingredients and other natural flavors, 10 ct Box, 6 fl oz Pouches",Juices,4.47,$4.47,7.5 ¢/fl oz
"(2 pack) Fruit Roll-Ups Fruit Flavored Snacks, Halloween Treats, Family Pack, 30 count, 15 oz",Fruit Snacks,16.74,$16.74,55.8 ¢/oz
"Capri Sun Pacific Cooler Mixed Fruit Flavored Juice Drink Blend, 30 ct Box, 6 fl oz Pouches",Juices,9.47,$9.47,5.3 ¢/fl oz
"Sargento Fun! Balanced Breaks Mild Cheddar Cheese, Fruit Snacks & CHIPS AHOY!",Fruit Snacks,3.34,$3.34,83.5 ¢/oz
"Capri Sun Fruit Punch flavored Juice Drink Blend, 30 ct Box, 6 fl oz Pouches",Juices,9.47,$9.47,5.3 ¢/fl oz
Marketside Fresh Fruit Bowl 40 oz Durable Plastic Serving Container,Serving Trays,10.97,$10.97,27.4 ¢/oz
"Fresh Hass Avocados, Each",Avocados,0.62,$0.62,
"Great Value Chewy Granola Bars Variety Pack, Family Pack, 0.84 oz, 24 Count",Snack Bars,4.42,$4.42,21.8 ¢/oz
"Quaker Chewy Chocolate Chip Granola Bars 18 Count, 0.84 oz Bars",Breakfast Bars & Cereal Bars,5.48,$5.48,36.1 ¢/oz
"Sunbelt Bakery Chewy Granola Bars, Chocolate Chip, 15 Ct",Snack Bars,4.37,$4.37,27.5 ¢/oz
"Great Value Chocolate Chip Chewy Granola Bars, Value Pack, 20.3 oz Paper Box, 24 Count",Snack Bars,4.42,$4.42,21.8 ¢/oz
"Nature Valley Crunchy Granola Bars, Oats 'n Honey, 12 Count, 8.94 oz (6 Pouches)",Snack Bars,2.97,$2.97,33.4 ¢/oz
"Sunbelt Bakery Chewy Granola Bars, Oats & Honey, 15 Ct",Snack Bars,4.37,$4.37,30.6 ¢/oz
"Quaker Chewy Granola Bars, Chocolate Chip Flavor, 0.84 oz, 36 Count",Breakfast Bars & Cereal Bars,8.77,$8.77,28.8 ¢/oz
"Sunbelt Bakery Chewy Granola Bars, Fudge Dipped Chocolate Chip, 15 Ct Value Pack, 16.91 Oz",Snack Bars,4.37,$4.37,25.9 ¢/oz
"Quaker Chewy Granola Bars, 3 Flavor Variety Pack, 30.4 oz, 36 Count",Breakfast Bars & Cereal Bars,8.77,$8.77,28.8 ¢/oz
"Nature Valley Sweet and Salty Nut Granola Bars, Variety Pack, 15 Bars, 18 oz",Snack Bars,6.97,$6.97,38.7 ¢/oz
"Nature Valley Crunchy Granola Bars, Oats 'n Dark Chocolate, 12 Count, 8.94 oz (6 Pouches)",Snack Bars,2.97,$2.97,33.4 ¢/oz
"Great Value Chocolate Chip Chewy Granola Bars, Family Size, 0.84 oz Paper Box, 48 Count",Snack Bars,7.48,$7.48,18.4 ¢/oz
"Great Value Sweet & Salty Chewy Granola Bars, Variety Pack, 1.2 oz, 24 Count",Snack Bars,7.88,$7.88,26.6 ¢/oz
"Quaker Chewy Granola Bars, Variety Pack, 15.2 oz, 18 Count",Breakfast Bars & Cereal Bars,4.94,$4.94,32.5 ¢/oz
"Quaker Chewy Chocolate Chip Granola Bars, 8 Count, 0.84 oz Bars",Breakfast Bars & Cereal Bars,1.28,$1.28,19.1 ¢/oz
"Quaker Chewy Dipps Chocolatey Covered Granola Bars Chocolate Chip, 1.09 oz 14 Count",Breakfast Bars & Cereal Bars,5.48,$5.48,35.8 ¢/oz
"Great Value Chocolate Chip Dipped Chewy Granola Bars, 1.1 oz Paper Box, 20 Count",Snack Bars,6.94,$6.94,31.7 ¢/oz
"Sunbelt Bakery Oats & Honey Chewy Granola Bars, 10 Count",Snack Bars,3.18,$3.18,33.5 ¢/oz
"Sunbelt Bakery Family Pack Chocolate Chip Chewy Granola Bars, 10 Count",Breakfast Bars & Cereal Bars,3.18,$3.18,30.0 ¢/oz
"Quaker Chewy Granola Bar, Peanut Butter Chocolate Chip Flavor, 18 Count Granola Bars",Breakfast Bars & Cereal Bars,5.48,$5.48,36.1 ¢/oz
"Quaker Chewy S'mores Granola Bars, 0.84 oz 8 Count",Snack Bars,1.28,$1.28,19.1 ¢/oz
"Nature Valley Crunchy Granola Bars, Peanut Butter, 12 Count, 8.94 oz (6 Pouches)",Snack Bars,2.97,$2.97,33.4 ¢/oz
"Nature Valley Sweet and Salty Nut Granola Bars, Cashew, 6 Bars, 7.2 oz",Snack Bars,2.97,$2.97,40.1 ¢/oz
"Nature Valley Sweet and Salty Nut Granola Bars, Peanut, 6 Bars, 7.2 oz",Snack Bars,2.97,$2.97,41.3 ¢/oz
"Zbar Iced Oatmeal Cookie Flavor Soft Baked Snack Bars, Organic Granola Bars, 6ct",Snack Bars,4.98,$4.98,65.5 ¢/oz
"Great Value Chocolate Chip Chewy Granola Bars, 0.84 oz, 10 Count",Snack Bars,2.18,$2.18,26.0 ¢/oz
"Nature Valley Sweet and Salty Nut Granola Bars, Almond, 6 Bars, 7.2 oz",Snack Bars,2.97,$2.97,41.3 ¢/oz
"Great Value Peanut Sweet & Salty Chewy Granola Bars, Value Pack, 1.2 oz, 12 Count",Snack Bars,4.34,$4.34,29.3 ¢/oz
"Sunbelt Bakery Chocolate Chip Chewy Granola Bars, 10 Bars, 11.26 oz",Snack Bars,3.18,$3.18,28.1 ¢/oz
"MadeGood Chocolate Chip Granola Bars, 12 Healthy Snack Bars, 0.85 oz Each",Snack Bars,6.96,$6.96,68.2 ¢/oz
"Sunbelt Bakery Chewy Granola Bars, Fudge Dipped Coconut, 10 Ct","Nutrition Bars, Gels & Chews",3.18,$3.18,31.2 ¢/oz
"Nature Valley Sweet and Salty Nut Granola Bars, Turtle, 6 Bars, 7.2 oz",Snack Bars,2.97,$2.97,41.3 ¢/oz
"Kodiak Protein-Packed S'mores Chewy Granola Bars, 1.23 oz, 5 Count Cardboard Box",Snack Bars,4.96,$4.96,80.0 ¢/oz
"Nature Valley Sweet and Salty Nut Granola Bars, Cashew, 15 Bars, 18 oz",Snack Bars,6.97,$6.97,38.7 ¢/oz
"Zbar Chocolate Chip Flavor Soft Baked Snack Bars, Organic Granola Bars, 6ct",Snack Bars,4.98,$4.98,65.5 ¢/oz
"Nature Valley Peanut-Free Chewy Granola Bars, S'mores, 5 Bars, 4.6 oz",Snack Bars,2.97,$2.97,64.6 ¢/oz
"Zbar Chocolate Brownie Flavor Soft Baked Snack Bars, Organic Granola Bars, 6ct",Snack Bars,4.98,$4.98,65.5 ¢/oz
"Great Value Cashew Sweet & Salty Chewy Granola Bars, 1.2 oz, 6 Count",Snack Bars,2.73,$2.73,36.9 ¢/oz
"Nature Valley Chewy Fruit and Nut Granola Bars, Trail Mix, 6 Count, 7.4 oz",Snack Bars,2.97,$2.97,40.1 ¢/oz
"Quaker Big Chewy Chocolate Chip Granola Bars, 1.48 oz 5 Count",Snack Bars,2.97,$2.97,40.1 ¢/oz
"KIND Chewy Granola Bars, Variety Pack, 20 Gluten Free Bars, 16.2 oz Box",Snack Bars,10.74,$10.74,66.3 ¢/oz
"Quaker Chewy Dipps Chocolatey Covered Peanut Butter Granola Bars, 14.8 oz 14 Count",Chocolate Covered Snacks,5.48,$5.48,37.0 ¢/oz
"Junkless Chewy Chocolate Chip Granola Snack Bars, 1.1 oz, 8 Count",Snack Bars,4.98,$4.98,56.6 ¢/oz
"Quaker Chewy Granola Bars Variety Pack, 0.84 oz 48 Count",Breakfast Bars & Cereal Bars,9.98,$9.98,24.6 ¢/oz
"Great Value Almond Sweet & Salty Chewy Granola Bars, 7.4 oz, 6 Count",Snack Bars,2.73,$2.73,36.9 ¢/oz
"Kodiak Chocolate Chip Chewy Protein Granola Bars, 1.23 oz, 5 Count Cardboard Box",Snack Bars,4.96,$4.96,80.0 ¢/oz
"Nature Valley Sweet and Salty Nut Granola Bars, Peanut, 15 Bars, 18 oz",Snack Bars,6.97,$6.97,38.7 ¢/oz
"Nature Valley Sweet and Salty Nut Granola Bars, Almond, 15 Bars, 18 oz",Snack Bars,6.97,$6.97,38.7 ¢/oz
"Nature Valley Chewy Fruit and Nut Granola Bars, Trail Mix, 15 Count, 18 oz",Snack Bars,6.97,$6.97,38.7 ¢/oz
"Nature Valley Protein Chewy Snack Bars, Variety Pack, 15 Bars, 21.3 oz",Snack Bars,10.68,$10.68,50.1 ¢/oz
"MadeGood Chocolate Drizzle Birthday Cake Granola Bars, 10 Snack Bars, 0.78 oz",Snack Bars,6.96,$6.96,81.9 ¢/oz
"Nature Valley Sweet and Salty Nut Bars, Dark Chocolate Peanut Almond, 6 Bars, 7.2 oz",Snack Bars,2.97,$2.97,41.3 ¢/oz
"Nature Valley Crunchy Granola Bars, Oats 'n Honey, 48 Count, 35.76 oz (24 Pouches)",Snack Bars,10.68,$10.68,29.8 ¢/oz
"Quaker Chewy Dipps Chocolate Chip Granola Bars, 1.09 oz 30 Count",Breakfast Bars & Cereal Bars,8.77,$8.77,26.7 ¢/oz
"Junkless Chewy Peanut Butter Chocolate Chip Granola Snack Bars, 1.1 oz, 8 Count",Snack Bars,4.98,$4.98,56.6 ¢/oz
"Nature Valley Peanut-Free Chewy Granola Bars, Double Chocolate, 5 Bars, 4.6 oz",Snack Bars,2.97,$2.97,64.6 ¢/oz
"Nature Valley Sweet and Salty Nut Granola Bars, Variety Pack, 24 Bars, 28.8 oz",Snack Bars,10.68,$10.68,37.1 ¢/oz
"Nature Valley Crunchy Granola Bars, Variety Pack, 48 Count, 35.76 oz (24 Pouches)",Snack Bars,10.68,$10.68,29.8 ¢/oz
"Quaker Oats Peanut Butter Choco Chip Granola Bars - Individually Wrapped - Peanut Butter, Chocolate Chip - 6.70 oz - 96 / Carton",Snack Bars,1.28,$1.28,19.1 ¢/oz
"Nature Valley Sweet and Salty Nut Bars, Dark Chocolate Peanut Almond, 24 Bars, 28.8 oz",Snack Bars,10.68,$10.68,37.1 ¢/oz
"MadeGood Chocolate Drizzle Birthday Cake Flavor Granola Bars, 5 Count (0.85oz Each)",Breakfast Bars & Cereal Bars,3.76,$3.76,87.4 ¢/oz
"MadeGood Chocolate Chip Granola Bars, 6 Count, Snack Bars, 0.85 oz",Snack Bars,3.76,$3.76,73.7 ¢/oz
"Great Value Oats & Honey Crunchy Granola 2-Bar Packs, 1.4 oz, 6 Packs",Snack Bars,2.28,$2.28,25.6 ¢/oz
"MadeGood Chocolate Drizzled Cookie Crumble Granola Bars, 5 Healthy Snack Bars, 0.85 oz Each",Breakfast Bars & Cereal Bars,3.76,$3.76,88.5 ¢/oz
"Nature Valley Crunchy Granola Bars, Oats 'n Honey, 30 Count, 22.35 oz (15 Pouches)",Snack Bars,6.97,$6.97,31.1 ¢/oz
"Nature Valley Crunchy Granola Bars, Peanut Butter, 30 Count, 22.35 oz (15 Pouches)",Snack Bars,6.97,$6.97,31.1 ¢/oz
"Quaker Chewy Granola Bars, Snickerdoodle, 0.84 oz, 8 Count",Snack Bars,2.97,$2.97,44.3 ¢/oz
"Nature Valley Crunchy Granola Bars, Variety Pack, 12 Count, 8.94 oz (6 Pouches)",Snack Bars,2.97,$2.97,33.4 ¢/oz
Zbar - Iced Oatmeal Cookie - Soft Baked Snack Bars - Non-GMO - 12g Whole Grains - USDA Organic Granola Bars (18 Pack),Snack Bars,14.97,$14.97,65.4 ¢/oz
"Nature Valley Protein Chewy Snack Bars, Peanut Butter Dark Chocolate, 15 Bars, 21.3 oz",Snack Bars,10.68,$10.68,50.1 ¢/oz
"Great Value Dark Chocolate, Peanut & Almond Sweet & Salty Granola Bars, 1.2 oz, 6 Count",Snack Bars,2.73,$2.73,36.9 ¢/oz
"Nature Valley Protein Chewy Snack Bars, Peanut Butter Dark Chocolate, 5 Bars, 7.1 oz",Snack Bars,3.97,$3.97,55.9 ¢/oz
"Quaker Chewy Yogurt Strawberry and Blueberry Variety Pack, 12.3 oz,  10 Count",Snack Bars,5.48,$5.48,44.6 ¢/oz
"Nature Valley Sweet and Salty Nut Bars, Dark Chocolate Peanut Almond, 15 Bars, 18 oz",Snack Bars,6.97,$6.97,38.7 ¢/oz
"Great Value Chewy Protein Bar Peanut Butter & Dark Chocolate, 7 oz, 5 Count",Breakfast Bars & Cereal Bars,1.68,$1.68,23.7 ¢/oz
Clif Kid ZBar Zbar - Chocolate Chip - Soft-Baked Energy Snack Bars - Non-GMO - 12g Whole Grains - USDA Organic Granola Bars (18 Pack),Snack Bars,14.97,$14.97,65.4 ¢/oz
"Zbar Bake Sale Cookies 'N Creme Soft Baked Snack Bars, Organic Granola Bars, School Snacks, 6ct",Snack Bars,4.98,$4.98,65.4 ¢/oz
"Fiber One Chewy Bars, Oats and Chocolate, Fiber Snacks, Mega Pack, 15 Count, 21.2 oz",Snack Bars,9.62,$9.62,45.8 ¢/oz
"Zbar Chocolate Brownie Flavor Soft Baked Snack Bars, Organic Granola Bars, 18ct",Snack Bars,14.97,$14.97,65.4 ¢/oz
"(3 pack) Nature Valley Crunchy Granola Bars, Peanut Butter, 30 Count, 22.35 oz (15 Pouches)",Snack Bars,20.91,$20.91,31.1 ¢/oz
"(3 pack) Annie's Gluten Free Chewy Granola Bars, Double Chocolate Chip, 5 Bars, 4.9 oz",Snack Bars,11.94,$11.94,81.2 ¢/oz
"(4 pack) Junkless Chewy Peanut Butter Chocolate Chip Granola Snack Bars, 1.1 oz, 8 Count",Snack Bars,19.92,$19.92,56.6 ¢/oz
"Zbar Chocolate Chip Flavor Soft Baked Snack Bars, Organic Granola Bars, 12ct",Snack Bars,9.98,$9.98,65.7 ¢/oz
"Zbar Iced Oatmeal Cookie Flavor Soft Baked Snack Bars, Organic Granola Bars, 12ct",Snack Bars,9.98,$9.98,65.7 ¢/oz
"Zbar Chocolate Brownie Flavor Soft Baked Snack Bars, Organic Granola Bars, 12ct",Snack Bars,9.98,$9.98,65.7 ¢/oz
"Atkins High Protein Bars, Chocolate Chip Granola Flavored, 17g of Protein, 4 Count","Nutrition Bars, Gels & Chews",6.98,$6.98,$1.03/oz
"Kodiak Protein-Packed Peanut Butter Crunchy Granola Bars, 1.59 oz, 6 Count Cardboard Box",Snack Bars,4.96,$4.96,52.2 ¢/oz
"Equate Meal Bar, Chocolate Chip Granola, 5 Count",Meal Replacement Bars,6.97,$6.97,82.0 ¢/oz
"(3 pack) Sunbelt Bakery Chewy Granola Bars, Fudge Dipped Chocolate Chip, 15 Ct Value Pack, 16.91 Oz",Snack Bars,13.11,$13.11,25.9 ¢/oz
"Great Value Fruit & Grain Cereal Bars, Variety Pack, 1.3 oz, 32 Count",Snack Bars,7.56,$7.56,18.2 ¢/oz
"(2 pack) Quaker Big Chewy Chocolate Chip Granola Bars, 1.48 oz 5 Count",Snack Bars,5.94,$5.94,40.1 ¢/oz
"Bobo's PB&Js, Peanut Butter Oat Crust With Strawberry Filling, 4 Pack of 2.1oz oat snacks",Breakfast Bars & Cereal Bars,4.67,$4.67,55.6 ¢/oz
"(3 pack) Sunbelt Bakery Chewy Granola Bars, Oats & Honey, 15 Ct",Snack Bars,13.11,$13.11,30.6 ¢/oz
"Nature Valley Crunchy Oats and Honey Granola Pouch, 16 oz",Granola,4.68,$4.68,29.3 ¢/oz
"Zbar Bake Sale Cinnamon Roll Flavor Soft Baked Snack Bars, Organic Granola Bars, School Snacks, 12ct",Snack Bars,9.98,$9.98,65.5 ¢/oz
"Atkins High Protein Bars, Peanut Butter Granola Flavored, 16g of Protein, 4 Count","Nutrition Bars, Gels & Chews",6.98,$6.98,$1.03/oz
"Nature Valley Soft Baked Sweet and Salty Bars, Chocolate Turtle, 5 Bars, 6.2 oz",Snack Bars,3.42,$3.42,55.2 ¢/oz
"Nature Valley Soft Baked Sweet and Salty Bars, Salted Caramel, Whole Grain, 5 Bars, 6.2 oz",Snack Bars,3.42,$3.42,55.2 ¢/oz
"(6 pack) Sunbelt Bakery Chewy Granola Bars, Fudge Dipped Coconut, 10 Ct",Snack Bars,19.08,$19.08,31.2 ¢/oz
"(2 pack) Quaker Chewy Dipps Chocolatey Covered Peanut Butter Granola Bars, 14.8 oz 14 Count",Snack Bars,10.96,$10.96,37.0 ¢/oz
"Bobo's Oat Bites, Strawberry Stuff'd, 5 Pack of 1.3oz bars",Breakfast Bars & Cereal Bars,3.77,$3.77,58.0 ¢/oz
"(2 pack) MadeGood Chocolate Chip Granola Bars, 6 Count, Snack Bars, 0.85 oz",Snack Bars,7.52,$7.52,73.7 ¢/oz
"Bobo's Oat Bites, Peanut Butter Chocolate Chip, 5 Pack of 1.3 oz bars",Breakfast Bars & Cereal Bars,3.77,$3.77,58.0 ¢/oz
"(3 pack) MadeGood Chocolate Drizzle Birthday Cake Granola Bars, 10 Snack Bars, 0.78 oz",Snack Bars,20.88,$20.88,81.9 ¢/oz
"(4 pack) Nature Valley Chewy Fruit and Nut Granola Bars, Trail Mix, 6 Count, 7.4 oz",Snack Bars,11.88,$11.88,40.1 ¢/oz
"Nature Valley Soft Baked Breakfast Bars, Banana Chocolate Chip, 5 Bars, 8.85 oz",Breakfast Bars & Cereal Bars,3.97,$3.97,45.1 ¢/oz
"(3 pack) Kodiak Chocolate Chip Chewy Protein Granola Bars, 1.23 oz, 5 Count Cardboard Box",Snack Bars,14.88,$14.88,80.0 ¢/oz
"(4 pack) Junkless Chewy Chocolate Chip Granola Snack Bars, 1.1 oz, 8 Count",Snack Bars,19.92,$19.92,56.6 ¢/oz
"(3 pack) MadeGood Chocolate Chip Granola Bars, 12 Healthy Snack Bars, 0.85 oz Each",Snack Bars,20.88,$20.88,68.2 ¢/oz
"Nature Valley Soft Baked Oatmeal Squares, Cinnamon Brown Sugar, 12 Bars, 14.88 oz",Snack Bars,6.78,$6.78,45.5 ¢/oz
"Nature's Bakery Whole Wheat Fig Bar Strawberry, 2 oz Twin packs, 10 Count",Snack Bars,6.72,$6.72,33.6 ¢/oz
"(3 pack) Kodiak Protein-Packed S'mores Chewy Granola Bars, 1.23 oz, 5 Count Cardboard Box",Snack Bars,14.88,$14.88,80.0 ¢/oz
"(4 pack) MadeGood Chocolate Drizzle Birthday Cake Flavor Granola Bars, 5 Count (0.85oz Each)",Snack Bars,15.04,$15.04,87.4 ¢/oz
"Kellogg's Nutri-Grain Strawberry Chewy Breakfast Bars, Made with 10g Whole Grains, 10.4 oz, 8 Count",Snack Bars,3.28,$3.28,31.5 ¢/oz
"Bobo's Oat Bites, Chocolate Chip, 5 Pack of 1.3 oz bars",Breakfast Bars & Cereal Bars,3.77,$3.77,58.0 ¢/oz
KIND BREAKFAST Almond Butter,Snack Bars,4.98,$4.98,47.0 ¢/oz
"(2 pack) Quaker Chewy Granola Bars, Snickerdoodle, 0.84 oz, 8 Count",Snack Bars,5.94,$5.94,44.3 ¢/oz
"Nature's Bakery Blueberry Fig Bars, 10 Twin packs, 2 oz Each",Snack Bars,6.72,$6.72,33.6 ¢/oz
"Bobo's Oat Bites, Apple Pie Stuff'd, 5 Pack of 1.3 oz bars",Breakfast Bars & Cereal Bars,3.77,$3.77,58.0 ¢/oz
"KIND Breakfast Gluten Free Dark Chocolate Cocoa Protein Snack Bars, 1.76 oz, 12 Count",Snack Bars,4.98,$4.98,47.0 ¢/oz
"Bobo's PB&Js Grape, Peanut Butter Oat Crust Snack Bars, Gluten Free, 4 Count, 2.1 oz Each","Nutrition Bars, Gels & Chews",4.67,$4.67,55.6 ¢/oz
"Nature's Bakery Raspberry Fig Bars Snack, 10 Pack, 2 oz Each, Box",Snack Bars,6.72,$6.72,33.6 ¢/oz
"(4 pack) Quaker Oats Peanut Butter Choco Chip Granola Bars - Individually Wrapped - Peanut Butter, Chocolate Chip - 6.70 oz - 96 / Carton",Snack Bars,5.12,$5.12,19.1 ¢/oz
"Lucky Charms Cereal Treat Bars, Snack Bars, 8 Ct, 6.8 oz",Breakfast Bars & Cereal Bars,3.12,$3.12,45.9 ¢/oz
"KIND Breakfast 100% Whole Grain Gluten Free Peanut Butter Snack Bars, 1.76 oz, 12 Count Box",Snack Bars,4.98,$4.98,47.0 ¢/oz
"Nature Valley Soft Baked Breakfast Bars, Almond Oat, Morning Snacks, 5 Bars, 8.85 oz",Breakfast Bars & Cereal Bars,3.97,$3.97,45.1 ¢/oz
"Kellogg's Nutri-Grain Blueberry Chewy Breakfast Bars, Made with 10g Whole Grains, 10.4 oz, 8 Count",Snack Bars,3.28,$3.28,31.5 ¢/oz
"(4 pack) Quaker Chewy S'mores Granola Bars, 0.84 oz 8 Count",Snack Bars,10.68,$10.68,39.9 ¢/oz
"(3 pack) Nature Valley Protein Chewy Snack Bars, Peanut Butter Dark Chocolate, 5 Bars, 7.1 oz","Nutrition Bars, Gels & Chews",11.91,$11.91,55.9 ¢/oz
"Great Value Fruit & Grain Cereal Bars, Strawberry, 1.3 oz, 8 Count",Breakfast Bars & Cereal Bars,2.13,$2.13,20.5 ¢/oz
"Cinnamon Toast Crunch Cereal Treat Bars, Snack Bars, 8 Ct, 6.8 oz",Snack Bars,3.12,$3.12,45.9 ¢/oz
"(6 pack) Nature Valley Crunchy Granola Bars, Oats 'n Honey, 48 Count, 35.76 oz (24 Pouches)",Snack Bars,64.08,$64.08,29.8 ¢/oz
"(4 pack) MadeGood Chocolate Drizzled Cookie Crumble Granola Bars, 5 Healthy Snack Bars, 0.85 oz Each",Snack Bars,15.04,$15.04,88.5 ¢/oz
"(3 pack) Bobo's PB&Js, Peanut Butter Oat Crust With Strawberry Filling, 4 Pack of 2.1oz oat snacks",Snack Bars,14.01,$14.01,55.6 ¢/oz
"Nature Valley Soft Baked Oatmeal Squares, Cinnamon Brown Sugar, 20 Bars, 24.8 oz",Snack Bars,10.68,$10.68,43.1 ¢/oz
"Great Value Peanut Butter & Dark Chocolate Protein Bars, 21.1 oz, 15 Count",Breakfast Bars & Cereal Bars,7.92,$7.92,37.5 ¢/oz
"(3 pack) Quaker Chewy Granola Bars Variety Pack, 0.84 oz 48 Count",Snack Bars,29.94,$29.94,24.6 ¢/oz
"Nature Valley Soft Baked Breakfast Bars, Blueberry Oat, Morning Snacks, 5 Bars, 8.85 oz",Snack Bars,3.97,$3.97,45.1 ¢/oz
"(3 pack) Junkless Chewy Strawberry Granola Snack Bars, 1.1 oz, 8 Count",Snack Bars,14.94,$14.94,56.6 ¢/oz
"Kellogg's Nutri-Grain Strawberry Chewy Breakfast Bars, Made with 10g Whole Grains, 20.8 oz, 16 Count",Breakfast Bars & Cereal Bars,5.98,$5.98,28.8 ¢/oz
"(3 pack) Bobo's Oat Bites, Chocolate Chip, 5 Pack of 1.3 oz bars",Snack Bars,11.31,$11.31,58.0 ¢/oz
"Great Value Chocolate Chip Whole Grain Baked Bars, 1.27 oz, 18 Count",Snack Bars,13.17,$13.17,57.5 ¢/oz
"(2 pack) Bobo's Oat Bites, Peanut Butter Chocolate Chip, 5 Pack of 1.3 oz bars",Snack Bars,7.54,$7.54,58.0 ¢/oz
"Great Value Iced Oatmeal Whole Grain Baked Bars, 1.27 oz, 18 Count",Breakfast Bars & Cereal Bars,13.17,$13.17,57.5 ¢/oz
"(3 pack) Bobo's Oat Bites, Strawberry Stuff'd, 5 Pack of 1.3oz bars",Snack Bars,11.31,$11.31,58.0 ¢/oz
"KIND Caramel Almond & Sea Salt, Protein Max Granola, 9.0 oz",Granola,5.54,$5.54,61.6 ¢/oz
"(3 pack) Bobo's PB&Js Grape, Peanut Butter Oat Crust Snack Bars, Gluten Free, 4 Count, 2.1 oz Each",Snack Bars,14.01,$14.01,55.6 ¢/oz
"KIND Gluten Free Cranberry Almond Snack Bars, 1.4 oz, 6 Count, Cardboard Box",Snack Bars,7.84,$7.84,93.3 ¢/oz
Nature Valley Oats N Honey Crunchy Bar,Snack Bars,1.24,$1.24,82.7 ¢/oz
"Nature Valley Soft Baked Muffin Bars, Chocolate Chip, Snack Bars, 10 Bars, 12.4 oz",Snack Bars,6.78,$6.78,54.7 ¢/oz
"Kellogg's Nutri-Grain Variety Pack Chewy Breakfast Bars, Made with 10g Whole Grains, 41.6 oz, 32 Count",Breakfast Bars & Cereal Bars,10.98,$10.98,26.4 ¢/oz
"Nature Valley Crispy Creamy Wafer Bars, Blueberry, Whole Grain, 5 Bars, 6.5 oz",Snack Bars,3.97,$3.97,61.1 ¢/oz
"Kellogg's Nutri-Grain Apple Cinnamon Chewy Breakfast Bars, Made with 10g Whole Grains, 10.4 oz, 8 Count",Snack Bars,3.28,$3.28,31.5 ¢/oz
"Special K Bar Strawberry Chewy Protein Meal Bars, 12g Protein Snacks, 19 oz, 12 Count",Breakfast Bars & Cereal Bars,11.94,$11.94,62.8 ¢/oz
"Nature Valley Crispy Creamy Wafer Bars, Honey Vanilla, Whole Grain, 5 Bars, 6.5 oz",Snack Bars,3.97,$3.97,61.1 ¢/oz
"CLIF BAR Minis Crunchy Peanut Butter Flavor Snack-Size Energy Bars, 10ct","Nutrition Bars, Gels & Chews",7.97,$7.97,80.5 ¢/oz
"Great Value Fruit & Grain Cereal Bars Mixed Berry, 10.4 oz, 8 Count",Breakfast Bars & Cereal Bars,2.13,$2.13,20.5 ¢/oz
"KIND Gluten Free Peanut Butter Dark Chocolate Snack Bars, Value Pack, 1.4 oz, 12 Count, Cardboard Box",Snack Bars,13.18,$13.18,78.5 ¢/oz
"Earth's Best Organic Sesame Street Strawberry Sunny Days Snack Bars, 10.72 oz Box (16 Count)",Baby Snacks,8.82,$8.82,82.3 ¢/oz
"(2 pack) Bobo's Oat Bites, Apple Pie Stuff'd, 5 Pack of 1.3 oz bars",Snack Bars,7.54,$7.54,58.0 ¢/oz
"Nature's Bakery Apple Cinnamon Fig Bars, 2oz Twin packs, 10 Count",Snack Bars,6.72,$6.72,33.6 ¢/oz
"Great Value Fruit and Grain Breakfast Bars, Cherry, 1.3 oz, 8 Count",Breakfast Bars & Cereal Bars,2.13,$2.13,20.5 ¢/oz
"Great Value Chocolate Chip Whole Grain Baked Bars, 1.27 oz, 6 Count",Snack Bars,4.82,$4.82,63.4 ¢/oz
"Nature Valley Crispy Creamy Wafer Bars, Strawberry, Whole Grain, 5 Bars, 6.5 oz",Snack Bars,3.97,$3.97,61.1 ¢/oz
"Golden Grahams Cereal Treat Bars, S'mores, Snack Bars, Value Pack, 16 Ct, 16.96 oz",Snack Bars,6.12,$6.12,36.0 ¢/oz
"Zbar Protein Chocolate Chip Flavor Crispy Snack Bars, Gluten Free Protein Bars, 5ct",Snack Bars,6.12,$6.12,95.6 ¢/oz
"MadeGood Mornings Chocolate Chip Breakfast Bars, 5 Count (1.06oz Each)",Snack Bars,3.76,$3.76,70.9 ¢/oz
"Nature Valley Soft Baked Muffin Bars, Blueberry, Snack Bars, 10 Bars, 12.4 oz",Snack Bars,6.78,$6.78,54.7 ¢/oz
Ready Nutrition Dark Chocolate Coconut Almond Protein Bar Box,Breakfast Bars & Cereal Bars,5.92,$5.92,63.0 ¢/oz
"Great Value Fruit & Grain Cereal Bars Apple Cinnamon, 10.4 oz, 8 Count",Breakfast Bars & Cereal Bars,2.13,$2.13,20.5 ¢/oz
"MUNK PACK 1g Sugar Nut & Seed Bars, Sea Salt Dark Chocolate - Low Carb Keto Bars, Low Sugar Snacks, Gluten Free - Box, 4 Count, 1.23oz","Nutrition Bars, Gels & Chews",6.26,$6.26,$1.28/oz
"Mott's Soft Baked Apple Filled Bars, Strawberry Flavor Snacks, 5 Ct, 6.55 oz",Snack Bars,3.12,$3.12,47.6 ¢/oz
"Special K Bar Strawberry Chewy Pastry Crisps, 100 Calories, 15.84 oz, 36 Count",Breakfast Bars & Cereal Bars,7.42,$7.42,47.0 ¢/oz
"Zbar Protein Cookies 'n Creme Flavor Crispy Snack Bars, Gluten Free Protein Bars, 5ct",Snack Bars,6.12,$6.12,95.6 ¢/oz
"Nature's Bakery Original Fig Bars, 10 Twin packs, 2 oz Soft Baked Snack Bars",Snack Bars,6.72,$6.72,33.6 ¢/oz
"KIND Gluten Free Caramel Almond & Sea Salt Snack Bars, 1.4 oz, 6 Count Box","Nutrition Bars, Gels & Chews",7.84,$7.84,93.3 ¢/oz
"CLIF BAR Minis Chocolate Brownie Flavor Snack-Size Energy Bars, 20ct","Nutrition Bars, Gels & Chews",15.17,$15.17,76.6 ¢/oz
"Mott's Soft Baked Apple Filled Bars, Blueberry Flavor Snacks, 5 Ct, 6.55 oz",Snack Bars,2.97,$2.97,45.3 ¢/oz
"Special K Bar Chocolate Peanut Butter Chewy Protein Meal Bars, 12g Protein Snacks, 19 oz, 12 Count",Breakfast Bars & Cereal Bars,11.94,$11.94,62.8 ¢/oz
GoMacro MacroBar Organic Vegan Protein Bars - Peanut Butter Chocolate Chip (4 Count),Breakfast Bars & Cereal Bars,7.88,$7.88,81.2 ¢/oz
"CLIF BAR Energy Protein Bars, Chocolate Brownie, 15ct","Nutrition Bars, Gels & Chews",17.27,$17.27,48.0 ¢/oz
"Lucky Charms Cereal Treat Bars, Snack Bars, Value Pack, 16 Ct, 13.6 oz",Snack Bars,6.12,$6.12,45.0 ¢/oz
"Kellogg's Nutri-Grain Blueberry Chewy Breakfast Bars, Made with 10g Whole Grains, 20.8 oz, 16 Count",Breakfast Bars & Cereal Bars,5.98,$5.98,28.8 ¢/oz
"CLIF BAR Energy Protein Bars, Chocolate Chip, 15ct","Nutrition Bars, Gels & Chews",17.27,$17.27,48.0 ¢/oz
"That's it. Gluten-Free Soft & Chewy Apple + Strawberry Ready-to-Eat Fruit Bars, 0.7oz, 8 Count Shelf Stable Box",Breakfast Bars & Cereal Bars,6.92,$6.92,$1.24/oz
"Ready Nutrition, Chocolate Peanut Butter Protein Bar, 5 Count Box, Shelf-Stable",Breakfast Bars & Cereal Bars,5.92,$5.92,64.3 ¢/oz
"KIND Gluten Free Ready to Eat Dark Chocolate Cherry Cashew Snack, Value Pack, 1.4 oz, 12 Count Cardboard Box",Snack Bars,13.18,$13.18,78.5 ¢/oz
"Ready Clean Protein Bar, Vanilla Swirl, 5 Count Box Protein Bar",Breakfast Bars & Cereal Bars,5.92,$5.92,64.3 ¢/oz
"Natures Bakery Raspberry Fig Bar Minis, 1 oz, 20 Count",Snack Bars,9.76,$9.76,48.8 ¢/oz
"Cinnamon Toast Crunch Cereal Treat Bars, Snack Bars, Value Pack, 16 Ct, 13.6 oz",Breakfast Bars & Cereal Bars,6.12,$6.12,45.0 ¢/oz
"Cinnamon Toast Crunch and REESE'S Puffs Cereal Treat Bars, Variety Pack, 28 Ct, 23.8 oz",Snack Bars,10.37,$10.37,43.6 ¢/oz
"Mott's Soft Baked Apple Filled Bars, Apple Flavor Snacks, 5 Ct, 6.55 oz",Snack Bars,3.12,$3.12,47.6 ¢/oz
"CLIF BAR Energy Protein Bars, Chocolate Chip, 5ct","Nutrition Bars, Gels & Chews",6.38,$6.38,53.2 ¢/oz
"KIND Gluten Free Dark Chocolate Nuts & Sea Salt Snack Bars, Value Pack, 1.4 oz, 12 Count Cardboard Box",Snack Bars,13.18,$13.18,78.5 ¢/oz
"CLIF BAR Minis Chocolate Chip Flavor Snack-Size Energy Bars, 10ct","Nutrition Bars, Gels & Chews",7.97,$7.97,80.5 ¢/oz
"CLIF BAR Energy Protein Bars, White Chocolate Macadamia Nut, 5ct","Nutrition Bars, Gels & Chews",6.38,$6.38,53.2 ¢/oz
"Rice Krispies Treats Original Chewy Crispy Marshmallow Squares, Kids Snacks, 12.4 oz, 16 Count",Snack Bars,4.96,$4.96,40.0 ¢/oz
"Great Value Fruit & Grain Cereal Bars, Blueberry, 1.3 oz, 8 Count",Breakfast Bars & Cereal Bars,2.13,$2.13,20.5 ¢/oz
"Ready Clean Chocolate Chip Protein Bar, 5 Count, Box",Breakfast Bars & Cereal Bars,5.92,$5.92,59.8 ¢/oz
"REESE'S Puffs Cereal Treat Bars, Peanut Butter and Cocoa, Value Pack, 16 Count, 13.6 oz",Snack Bars,6.12,$6.12,45.0 ¢/oz
"KIND Gluten Free Dark Chocolate Nuts & Sea Salt Snack Bars, 1.4 oz, 6 Count Box",Breakfast Bars & Cereal Bars,7.84,$7.84,93.3 ¢/oz
"Gerber Snacks for Toddler Soft Baked Grain Bars, Strawberry Banana, 5.5 Ounce",Baby Snacks,3.47,$3.47,63.1 ¢/oz
"KIND Gluten Free Dark Chocolate Cherry Cashew Snack Bars, 1.4 oz, 6 Count Box",Snack Bars,7.48,$7.48,89.0 ¢/oz
"Nature Valley Biscuit Sandwiches, Cinnamon Almond Butter, 10 Bars, 13.5 oz",Snack Bars,6.78,$6.78,50.2 ¢/oz
"CLIF BAR Minis Chocolate Chip Flavor Snack-Size Energy Bars, 20ct","Nutrition Bars, Gels & Chews",15.17,$15.17,76.6 ¢/oz
"CLIF BAR Energy Protein Bars, Crunchy Peanut Butter, 5ct","Nutrition Bars, Gels & Chews",6.38,$6.38,53.2 ¢/oz
"MUNK PACK 1g Sugar Nut & Seed Bars, Peanut Butter Dark Chocolate - Low Carb Keto Bars, Low Sugar Snacks, Gluten Free - Box, 4 Count, 1.23oz",Snack Bars,6.26,$6.26,$1.28/oz
"(9 pack) CLIF BAR Energy Protein Bars, White Chocolate Macadamia Nut, 5ct","Nutrition Bars, Gels & Chews",57.42,$57.42,53.2 ¢/oz
"Rice Krispies Treats Chocolatey Peanut Butter Chewy Crispy Rice Squares, Kids Snacks, 10.8 oz, 14 Count",Snack Bars,4.96,$4.96,45.4 ¢/oz
"(3 pack) Earth's Best Organic Sesame Street Strawberry Sunny Days Snack Bars, 10.72 oz Box (16 Count)",Snack Bars,26.46,$26.46,82.3 ¢/oz
"KIND Minis Salted Caramel Dark Chocolate Nut & Dark Chocolate Almond Coconut Bars, Variety Pack, 0.7 oz, 20 Count",Snack Bars,12.38,$12.38,88.4 ¢/oz
"Kellogg's Nutri-Grain Strawberry Chewy Soft Baked Breakfast Bars, Made with Whole Grains, 1.3 oz",Snack Bars,1.12,$1.12,86.2 ¢/oz
"Kellogg's Nutri-Grain Apple Cinnamon Chewy Breakfast Bars, Made with 10g Whole Grains, 20.8 oz, 16 Count",Breakfast Bars & Cereal Bars,5.98,$5.98,28.8 ¢/oz
"CLIF BAR Minis White Chocolate Macadamia Nut Flavor Snack-Size Energy Bars, 20ct","Nutrition Bars, Gels & Chews",15.17,$15.17,76.6 ¢/oz
"Nature Valley Soft Baked Oatmeal Squares, Peanut Butter, 12 Bars, 14.88 oz",Snack Bars,6.78,$6.78,45.5 ¢/oz
"CLIF BAR Energy Protein Bars, Crunchy Peanut Butter, 10ct","Nutrition Bars, Gels & Chews",11.37,$11.37,47.4 ¢/oz
"(3 pack) Kellogg's Nutri-Grain Strawberry Chewy Breakfast Bars, Made with 10g Whole Grains, 20.8 oz, 16 Count",Snack Bars,17.94,$17.94,28.8 ¢/oz
"Simple Mills Soft Baked Almond Flour Bars, Dark Chocolate Almond, 5 Count",Breakfast Bars & Cereal Bars,4.88,$4.88,81.3 ¢/oz
"Great Value Crispy Rice Treats, 16 Count",Snack Bars,4.47,$4.47,35.8 ¢/oz
"Nature Valley Biscuit Sandwiches, Chocolate Peanut Butter, Snack Bars, 10 Bars, 13.5 oz",Snack Bars,6.78,$6.78,50.2 ¢/oz
"Nature's Bakery Gluten Free Raspberry Fig Bars in Twin Pack Box, 2 oz Each, 6 packs",Snack Bars,5.83,$5.83,48.6 ¢/oz
"(3 pack) Zbar Protein Cookies 'n Creme Flavor Crispy Snack Bars, Gluten Free Protein Bars, 5ct","Nutrition Bars, Gels & Chews",17.46,$17.46,90.9 ¢/oz
"(3 pack) Kellogg's Nutri-Grain Strawberry Chewy Breakfast Bars, Made with 10g Whole Grains, 10.4 oz, 8 Count",Snack Bars,9.84,$9.84,31.5 ¢/oz
"That'S It.0.7 Oz,8 CT Gluten-Free Soft & Chewy Apple + Mango Fruit Bars, 0.7 Oz, 8 Ct. Shelf Stable Box",Breakfast Bars & Cereal Bars,6.92,$6.92,$1.24/oz
"KIND ZEROg Added Sugar Bars, Keto Friendly, Caramel Almond and Sea Salt Flavored, 6.2oz Box (5 Bars)",Snack Bars,7.84,$7.84,$1.27/oz
"(3 pack) Nature Valley Crispy Creamy Wafer Bars, Honey Vanilla, Whole Grain, 5 Bars, 6.5 oz",Snack Bars,11.91,$11.91,61.1 ¢/oz
"(3 pack) Kellogg's Nutri-Grain Blueberry Chewy Breakfast Bars, Made with 10g Whole Grains, 20.8 oz, 16 Count",Snack Bars,17.94,$17.94,28.8 ¢/oz
"Simple Mills Soft Baked Almond Flour Bars, Nutty Banana Bread, Gluten-Free, 5 Count",Breakfast Bars & Cereal Bars,4.88,$4.88,81.3 ¢/oz
"(6 pack) Nature Valley Soft Baked Muffin Bars, Blueberry, Snack Bars, 10 Bars, 12.4 oz",Snack Bars,40.68,$40.68,54.7 ¢/oz
"Rice Krispies Treats Original Chewy Crispy Marshmallow Squares, Kids Snacks, 31.2 oz, 40 Count",Snack Bars,11.23,$11.23,36.0 ¢/oz
"(4 pack) Great Value Chocolate Chip Whole Grain Baked Bars, 1.27 oz, 6 Count",Snack Bars,19.28,$19.28,63.4 ¢/oz
"(5 pack) Nature's Bakery Original Fig Bars, 10 Twin packs, 2 oz Soft Baked Snack Bars",Snack Bars,33.6,$33.60,33.6 ¢/oz
"Rice Krispies Treats Valentine's Day Minis with Sprinkles Chewy Mini Marshmallow Cereal Bars, Kids Snacks, 12.4 oz, 32 Count",Snack Bars,6.97,$6.97,56.2 ¢/oz
"KIND Gluten Free Caramel Almond & Sea Salt Snack Bars, Value Pack, 1.4 oz, 12 Count Box",Snack Bars,13.18,$13.18,78.5 ¢/oz
"KIND ZEROg Added Sugar Bars, Keto Friendly Snacks, Peanut Butter Dark Chocolate, 5 Bars",Snack Bars,7.84,$7.84,$1.28/oz
"CLIF BAR Energy Protein Bars, Chocolate Chip, 10 Pack","Nutrition Bars, Gels & Chews",11.37,$11.37,47.4 ¢/oz
"(3 pack) Kellogg's Nutri-Grain Blueberry Chewy Breakfast Bars, Made with 10g Whole Grains, 10.4 oz, 8 Count",Snack Bars,9.84,$9.84,31.5 ¢/oz
"(3 pack) Nature Valley Crispy Creamy Wafer Bars, Strawberry, Whole Grain, 5 Bars, 6.5 oz",Snack Bars,11.91,$11.91,61.1 ¢/oz
"(4 pack) CLIF BAR Energy Protein Bars, Crunchy Peanut Butter, 10ct","Nutrition Bars, Gels & Chews",45.48,$45.48,47.4 ¢/oz
"Nature's Bakery Gluten Free Blueberry Fig Bars, 6 Twin packs, 2 oz Each",Snack Bars,5.83,$5.83,48.6 ¢/oz
"(3 pack) Nature Valley Soft Baked Oatmeal Squares, Peanut Butter, 12 Bars, 14.88 oz",Snack Bars,20.34,$20.34,45.5 ¢/oz
"KIND Savory Nut Bars, Gluten Free Snacks, Rosemary Nuts & Sea Salt, 8.4oz Box (6 Bars)",Snack Bars,7.48,$7.48,89.0 ¢/oz
"(3 pack) Kellogg's Nutri-Grain Apple Cinnamon Chewy Breakfast Bars, Made with 10g Whole Grains, 10.4 oz, 8 Count",Snack Bars,9.84,$9.84,31.5 ¢/oz
"(3 pack) CLIF BAR Energy Protein Bars, Crunchy Peanut Butter, 5ct","Nutrition Bars, Gels & Chews",19.14,$19.14,53.2 ¢/oz
Kellogg's Nutri-Grain Cereal Bars Powerfulls Strawberry Oat Bites 2.2oz,Snack Bars,1.97,$1.97,89.5 ¢/oz
"(4 pack) CLIF BAR Energy Protein Bars, Chocolate Chip, 10 Pack","Nutrition Bars, Gels & Chews",45.48,$45.48,47.4 ¢/oz
"(3 pack) Kellogg's Nutri-Grain Apple Cinnamon Chewy Breakfast Bars, Made with 10g Whole Grains, 20.8 oz, 16 Count",Snack Bars,17.94,$17.94,28.8 ¢/oz
"KIND ZERO Added Sugar Bars, Keto Friendly Snacks, Dark Chocolate Nuts and Sea Salt, 6.2oz Box (5 Bars)",Snack Bars,7.48,$7.48,$1.21/oz
"Rice Krispies Treats Homestyle Original Chewy Crispy Marshmallow Squares, Kids Snacks, 11.6 oz, 10 Count",Snack Bars,4.82,$4.82,41.6 ¢/oz
(3 pack) MadeGood Blueberry Breakfast Bars,Snack Bars,11.28,$11.28,70.9 ¢/oz
Rice Krispies Treats Homestyle Original - 1.6 oz,Snack Bars,1.24,$1.24,77.5 ¢/oz
"(3 pack) Special K Bar Strawberry Chewy Pastry Crisps, 100 Calories, 15.84 oz, 36 Count",Cookies,22.26,$22.26,47.0 ¢/oz
"(3 pack) MUNK PACK 1g Sugar Nut & Seed Bars, Peanut Butter Dark Chocolate - Low Carb Keto Bars, Low Sugar Snacks, Gluten Free - Box, 4 Count, 1.23oz",Snack Bars,18.78,$18.78,$1.28/oz
"(3 pack) Nature's Bakery Gluten Free Blueberry Fig Bars, 6 Twin packs, 2 oz Each",Snack Bars,11.91,$11.91,33.1 ¢/oz
"(3 pack) Nature's Bakery Gluten Free Raspberry Fig Bars in Twin Pack Box, 2 oz Each, 6 packs",Snack Bars,17.49,$17.49,48.6 ¢/oz
"Great Value Crispy Rice Treats, 14.4 oz, 12 Count",Rice Cakes,4.12,$4.12,28.6 ¢/oz
"(3 pack) MUNK PACK 1g Sugar Nut & Seed Bars, Sea Salt Dark Chocolate - Low Carb Keto Bars, Low Sugar Snacks, Gluten Free - Box, 4 Count, 1.23oz",Snack Bars,18.78,$18.78,$1.28/oz
"Great Value Crispy Rice Treats, 40 Count",Snack Bars,9.48,$9.48,30.4 ¢/oz
"Glutino Gluten Free Strawberry Flavored Oven Baked Bars, 7.05 oz. 5-Count",Breakfast Bars & Cereal Bars,5.22,$5.22,73.5 ¢/oz
"Rice Krispies Treats Double Chocolatey Chunk Chewy Marshmallow Snack Bars, Ready-to-Eat, 1.3 oz",Snack Bars,8.94,$8.94,$6.88/oz
"(3 pack) Glutino Gluten Free Strawberry Flavored Oven Baked Bars, 7.05 oz. 5-Count",Breakfast Bars & Cereal Bars,15.66,$15.66,73.5 ¢/oz
(4 pack) Rice Krispies Treats Homestyle Original - 1.6 oz,Snack Bars,4.96,$4.96,77.5 ¢/oz
"(2 pack) Rice Krispies Treats Original Chewy Crispy Marshmallow Squares, Kids Snacks, 6.2 oz, 8 Count",Snack Bars,5.56,$5.56,44.8 ¢/oz
"(3 pack) Great Value Crispy Rice Treats, 14.4 oz, 12 Count",Rice Cakes,12.36,$12.36,28.6 ¢/oz
"Kraft Mac and Cheese, 5 Boxes, for Easy Dinner or Dinner Sides, Original Flavor, No Artificial Flavors, Preservatives or Dyes, 7.25 oz",Packaged Meals,3.98,$3.98,11.0 ¢/oz
"Velveeta Shells and Cheese Mac and Cheese, 1 Box, for Easy Dinner or Dinner Sides, Original Flavor, Made with Real Cheese, 12 oz",Packaged Meals,2.97,$2.97,24.8 ¢/oz
"Great Value Premium Original Shells & Cheese, 12 oz",Packaged Meals,1.48,$1.48,12.3 ¢/oz
"Kraft Mac and Cheese, 4 Cups, for Easy Dinner or Dinner Sides, Original Flavor, No Artificial Flavors, Preservatives or Dyes, 2.05 oz",Packaged Meals,4.58,$4.58,55.9 ¢/oz
"Kraft Mac and Cheese, 1 Box, for Easy Dinner or Dinner Sides, Original Flavor, No Artificial Flavors, Preservatives or Dyes, 7.25 oz",Packaged Meals,1.24,$1.24,17.1 ¢/oz
"Great Value Deluxe Original Cheddar Macaroni & Cheese, 14 oz  (Shelf Stable Packaged Meal)",Packaged Meals,1.48,$1.48,10.6 ¢/oz
"Velveeta Shells and Cheese Mac and Cheese, 3 Boxes, for Easy Dinner or Dinner Sides, Original Flavor, Made with Real Cheese, 12 oz",Packaged Meals,6.72,$6.72,18.7 ¢/oz
"Velveeta Shells and Cheese Mac and Cheese, 4 Cups, for Easy Snack or Dinner Side, Original Flavor, 2.39 oz",Packaged Meals,4.58,$4.58,47.9 ¢/oz
"Kraft Deluxe Mac and Cheese, 3 Boxes, for Easy Dinner or Dinner Sides, Original Cheddar Flavor, No Artificial Flavors or Dyes, 14 oz",Packaged Meals,6.72,$6.72,16.0 ¢/oz
"Great Value Thick & Creamy Macaroni & Cheese, 7.25 oz",Packaged Meals,0.58,$0.58,8.0 ¢/oz
"Great Value Original Macaroni & Cheese, 7.25 oz",Packaged Meals,0.58,$0.58,8.0 ¢/oz
"Kraft Mac and Cheese, 8 Cups, for Easy Dinner or Dinner Sides, Original Flavor, No Artificial Flavors, Preservatives or Dyes, 2.05 oz",Packaged Meals,8.97,$8.97,54.7 ¢/oz
"Bob Evans Family Size Macaroni & Cheese, 28 oz Tray",Packaged Meals,4.98,$4.98,17.8 ¢/oz
"Velveeta Shells & Cheese Original Microwaveable Shell Pasta & Cheese Sauce, 8 ct Box, 2.39 oz Cups",Packaged Meals,8.97,$8.97,46.9 ¢/oz
"Kraft Deluxe Mac and Cheese, 1 Box, for Easy Dinner or Dinner Sides, Original Cheddar Cheese Flavor, No Artificial Dyes or Flavors, 14 oz",Packaged Meals,2.97,$2.97,21.2 ¢/oz
"Kraft Spirals Original Mac & Cheese Macaroni and Cheese Dinner, 5.5 oz Box",Packaged Meals,1.24,$1.24,22.5 ¢/oz
"Velveeta Shells and Cheese Mac and Cheese, 1 Value Size Box, for Easy Dinner or Dinner Sides, Original Flavor, Made with Real Cheese, 24 oz",Packaged Meals,5.98,$5.98,24.9 ¢/oz
"Kraft Mac and Cheese, 1 Box, for Easy Dinner or Dinner Sides, Thick 'n Creamy, No Artificial Flavors, Preservatives or Dyes, 7.25 oz",Packaged Meals,1.24,$1.24,17.1 ¢/oz
"Bob Evans Macaroni & Cheese, 20 oz Tray",Packaged Meals,3.98,$3.98,19.9 ¢/oz
"Stouffer's Macaroni & Cheese, Party Size, Frozen Mac and Cheese Meal, 76 oz (Frozen)",Packaged Meals,13.48,$13.48,17.7 ¢/oz
"Great Value Artisan Crafted Macaroni and Cheese, Italian Five Cheese, 12 oz (Shelf Stable)",Packaged Meals,2.47,$2.47,20.6 ¢/oz
"Marketside Ready to Heat Classic Macaroni & Cheese Tray, 20 oz, Refrigerated",Packaged Meals,2.97,$2.97,14.9 ¢/oz
"Kraft Deluxe Mac and Cheese, 8 Cups, for Easy Dinner or Dinner Sides, Original Flavor, No Artificial Flavors or Dyes, 2.39 oz",Packaged Meals,8.97,$8.97,47.0 ¢/oz
"Great Value Artisan Crafted Macaroni and Cheese, Smoked Gouda, 12 oz (Shelf Stable)",Packaged Meals,2.47,$2.47,20.6 ¢/oz
"Great Value Original Macaroni & Cheese, 2.05 oz, 4 Pack (Shelf Stable)",Packaged Meals,3.72,$3.72,45.4 ¢/oz
"Kraft Deluxe Mac and Cheese, 1 Box, for Easy Dinner or Dinner Sides, Four Cheese, No Artificial Dyes or Flavors, 14 oz",Packaged Meals,2.97,$2.97,21.2 ¢/oz
"Great Value Spirals Macaroni & Cheese, 5.5 oz (Shelf Stable, Packaged Meal)",Packaged Meals,0.58,$0.58,10.5 ¢/oz
"Cracker Barrel Mac and Cheese, 1 Box, for Easy Dinner or Dinner Sides, Sharp Cheddar Flavor, No Artificial Flavors or Dyes, 14 oz",Packaged Meals,3.68,$3.68,26.3 ¢/oz
"Great Value Artisan Crafted White Cheddar & Black Pepper Macaroni and Cheese, 12 oz (Shelf Stable)",Packaged Meals,2.47,$2.47,20.6 ¢/oz
"Annie's Shells and White Cheddar, Made with Organic Pasta and Real Cheese, 6 oz",Packaged Meals,1.44,$1.44,24.0 ¢/oz
"Great Value Premium Shells & Cheese Microwavable Cups, Original, 2.39 oz, 4 Count (Shelf Stable)",Packaged Meals,3.72,$3.72,38.9 ¢/oz
"Velveeta Shells and Cheese Mac and Cheese, 1 Box, for Easy Dinner or Dinner Sides, with 2% Milk Cheese, Made with Real Cheese, 12 oz",Packaged Meals,2.97,$2.97,24.8 ¢/oz
"Cracker Barrel Mac and Cheese, 1 Box, for Easy Dinner or Dinner Sides, Sharp White Cheddar Flavor, No Artificial Flavors or Dyes, 14 oz",Packaged Meals,3.68,$3.68,26.3 ¢/oz
"Kraft Mac and Cheese, 1 Big Bowl, for Easy Dinner or Dinner Sides, Original Flavor, No Artificial Flavors, Preservatives or Dyes, 3.5 oz",Packaged Meals,2.98,$2.98,85.1 ¢/oz
"Kraft Nickelodeon Paw Patrol Mac and Cheese, 4 Cups, for Easy Dinner or Dinner Sides, Original Flavor, No Artificial Flavors, Preservatives or Dyes, 1.9 oz",Packaged Meals,4.58,$4.58,60.3 ¢/oz
"Annie's Macaroni and Classic Cheddar with Organic Pasta, Made with Real Cheese, 6 oz",Packaged Meals,0.83,$0.83,13.8 ¢/oz
"Cheetos Mac 'N Cheese, Cheesy Jalapeno Flavor, Mac and Cheese, Macaroni and Cheese, 5.7 oz Shelf-Stable Box",Packaged Meals,1.24,$1.24,21.8 ¢/oz
"Cheetos Mac N Cheese Pasta with Flavored Sauce Bold & Cheesy Flavor, 5.9 oz Box",Packaged Meals,1.24,$1.24,21.0 ¢/oz
"Goodles Mac & Cheese Cheddy Mac Noodles, Cheddar, Ziti, Shelf-Stable, 6 oz",Packaged Meals,2.98,$2.98,49.7 ¢/oz
"Great Value Original Macaroni & Cheese, 2.05 oz, 8 Count Shelf Stable",Packaged Meals,6.98,$6.98,42.6 ¢/oz
"Kraft SpongeBob Squarepants Mac and Cheese, 1 Box, for Easy Dinner or Dinner Sides, Original Flavor, No Artificial Flavors, Preservatives or Dyes, 5.5 oz",Packaged Meals,1.24,$1.24,22.5 ¢/oz
"Velveeta Skillets Ultimate Cheeseburger Mac One Pan Dinner Kit, 12.8 oz Box",Packaged Meals,3.42,$3.42,26.7 ¢/oz
"Velveeta Shells and Cheese Mac and Cheese, 1 Big Bowl, for Easy Dinner or Dinner Sides, Original Flavor with 2X the Creamy Shells, 5 oz",Packaged Meals,2.98,$2.98,59.6 ¢/oz
"Bob Evans Macaroni & Cheese Single Serve, 12 oz, 2 Ct Cups",Packaged Meals,3.97,$3.97,33.1 ¢/oz
"Freshness Guaranteed Hot and Ready-to-Eat Macaroni and Cheese, Family Size Side, 16 oz, 1 Count",Packaged Side Dishes,3.84,$3.84,24.0 ¢/oz
"Annie's Super! Mac, Macaroni And Cheese, Shells and Real Aged Cheddar, 6 oz",Packaged Meals,2.98,$2.98,49.7 ¢/oz
"Marketside Ready to Heat Classic Macaroni & Cheese, Family Size Tray, 28 oz (Refrigerated)",Packaged Meals,3.98,$3.98,14.2 ¢/oz
"Kraft Deluxe Mac and Cheese, 1 Box, for Easy Dinner or Dinner Sides, White Cheddar and Garlic and Herbs, No Artificial Flavors or Dyes, 11.9 oz",Packaged Meals,2.97,$2.97,25.0 ¢/oz
"Velveeta Shells and Cheese Mac and Cheese with Broccoli, 1 Box, for Easy Dinner or Dinner Sides, Made with Real Cheese, 9.4 oz",Packaged Meals,2.97,$2.97,31.6 ¢/oz
"Panera Bread Vegetarian Ready-to-Heat Mac & Cheese, 16 oz Cup (Refrigerated)",Packaged Meals,5.94,$5.94,37.1 ¢/oz
"Kraft Mac and Cheese, 1 Box, for Easy Dinner or Dinner Sides, Three Cheese with Mini-Shell Pasta, No Artificial Flavors, Preservatives or Dyes, 7.25 oz",Packaged Meals,1.24,$1.24,17.1 ¢/oz
"Cheetos Mac 'N Cheese, Bold & Cheesy Flavor, Mac and Cheese, Macaroni and Cheese, 2.32 oz Shelf-Stable Cup",Packaged Meals,1.58,$1.58,68.1 ¢/oz
"Great Value, Teenage Mutant Ninja Turtles Mac & Cheese, Original Flavor, 5.5oz Box, Shelf Stable",Packaged Meals,0.58,$0.58,10.5 ¢/oz
"Kraft Mac and Cheese, 1 Box, for Easy Dinner or Dinner Sides, Original Flavor, No Artificial Flavors, Preservatives or Dyes, 11 oz",Packaged Meals,1.48,$1.48,13.5 ¢/oz
"Mac a Roni Pasta Mix Creamy White Cheddar (5.9 oz Box), Single Pack",Pasta,1,$1.00,16.9 ¢/oz
"Hamburger Helper Cheeseburger Macaroni, 6.6 oz Box",Packaged Meals,1.84,$1.84,27.9 ¢/oz
"Great Value Three Cheese Shells and Cheese, 7.25 oz Box (Shelf Stable)",Packaged Meals,0.58,$0.58,8.0 ¢/oz
"Stouffers Macaroni and Cheese with Broccoli, Single Serve, Easy Frozen Dinners 12 oz",Packaged Meals,2.76,$2.76,23.0 ¢/oz
"Annie's Shells and Real Aged Cheddar, Made with Organic Pasta and Real Cheese, 6 oz",Packaged Meals,1.44,$1.44,24.0 ¢/oz
"Kraft SpongeBob SquarePants Mac and Cheese, 4 Cups, for Easy Dinner or Dinner Sides, Original Flavor, No Artificial Flavors, Preservatives or Dyes, 1.9 oz",Packaged Meals,4.58,$4.58,60.3 ¢/oz
"Great Value Artisan Crafted Havarti Cheddar Macaroni & Cheese, 12 oz (Shelf Stable)",Packaged Meals,2.47,$2.47,20.6 ¢/oz
"Kraft Deluxe Mac and Cheese, 4 Cups, for Easy Dinner or Dinner Sides, Original Flavor, No Artificial Flavors or Dyes, 2.39 oz",Packaged Meals,4.58,$4.58,47.9 ¢/oz
"Kraft Deluxe Mac and Cheese, 1 Family Size Box, for Easy Dinner or Dinner Sides, Original Cheddar Flavor, No Artificial Dyes or Flavors, 24 oz",Packaged Meals,5.98,$5.98,24.9 ¢/oz
"Marie Callender's Vermont Cheddar Mac and Cheese Bowl, Frozen Meal, 13 oz. (Frozen)",Packaged Meals,2.76,$2.76,21.2 ¢/oz
"Kraft Mac and Cheese with Super Mario Power-Up Pasta Shapes, 1 Box, for Easy Dinner or Dinner Sides, Original Flavor, No Artificial Flavors, Preservatives or Dyes, 5.5 oz",Packaged Meals,1.24,$1.24,22.5 ¢/oz
"Chef Boyardee Mac and Cheese, Ready-to-Eat Meal, 15 oz. Can",Packaged Meals,1.34,$1.34,8.9 ¢/oz
"Velveeta Shells and Cheese Queso Blanco Mac and Cheese, 1 Box, for Easy Dinner or Dinner Sides, Made with Real Cheese, 12 oz",Packaged Meals,2.97,$2.97,24.8 ¢/oz
"Kraft Mac and Cheese, 4 Cups, for Easy Dinner or Dinner Sides, Triple Cheese, No Artificial Flavors, Preservatives or Dyes, 2.05 oz",Packaged Meals,4.58,$4.58,55.9 ¢/oz
"Beecher's ""World's Best"" Mac & Cheese, 20 oz (Frozen)",Packaged Meals,11.53,$11.53,57.7 ¢/oz
"Great Value Artisan Crafted Creamy Jalapeno Bacon Macaroni & Cheese, 12 oz Shelf Stable",Packaged Meals,2.47,$2.47,20.6 ¢/oz
"Mac a Roni Pasta Mix Creamy Cheddar, 5.9 oz Box Single Pack",Packaged Meals,1,$1.00,16.9 ¢/oz
"Velveeta Shells and Cheese Mac and Cheese with Bacon, 1 Box, for Easy Dinner or Dinner Sides, Made with Real Cheese, 10.3 oz",Packaged Meals,2.97,$2.97,28.8 ¢/oz
"Annie's Deluxe Shells and Aged Cheddar, Pasta and Cheese Sauce, Mac and Cheese, 11 oz",Packaged Meals,3.54,$3.54,32.2 ¢/oz
"Great Value Original Premium Shells & Cheese Microwavable Cups, 8 Count Shelf Stable",Packaged Meals,6.98,$6.98,36.5 ¢/oz
"Goodles Mac & Cheese Dreamy Creamy Noodles, Cheddar and Cream Cheese, Shells, 5.25oz; Brand: GOODLES",Packaged Meals,2.97,$2.97,56.6 ¢/oz
"bettergoods Plant-Based Original Macaroni and Cheeze, 10.6 oz",Packaged Meals,2.97,$2.97,28.0 ¢/oz
"Great Value Three Cheese Macaroni & Cheese, 2.05 oz, 4 Count (Shelf Stable)",Packaged Meals,3.72,$3.72,45.4 ¢/oz
Great Value 2.05 oz Wicked Mystery Color Macaroni and Cheese Cup Shelf Stable,Packaged Meals,1,$1.00,48.8 ¢/oz
"Stouffers Macaroni and Cheese Meal, Supreme Shells and Cheese, Three Cheese Sauce, Boxed Mac and Cheese Pasta Dinner Kit, 12 oz",Packaged Meals,2.92,$2.92,24.3 ¢/oz
"Cheetos Mac 'N Cheese, Flamin' Hot Flavor, 5.9 oz Box",Packaged Meals,1.24,$1.24,22.1 ¢/oz
"Kraft Easy Mac and Cheese, 6 Packets, for Easy Dinner or Dinner Sides, Original Flavor, No Artificial Flavors, Preservatives or Dyes, 12.9 oz",Packaged Meals,3.18,$3.18,24.7 ¢/oz
"(4 pack) Great Value Deluxe Original Cheddar Macaroni & Cheese, 14 oz  (Shelf Stable Packaged Meal)",Packaged Meals,5.92,$5.92,10.6 ¢/oz
"Banquet MEGA Bowls Buffalo-Style Chicken Mac 'N Cheese, Frozen Meal, 14 oz.",Packaged Meals,2.98,$2.98,21.3 ¢/oz
"Kraft Mac and Cheese, 1 Box, for Easy Dinner or Dinner Sides, Jalapeo Flavored with Other Natural Flavors, No Artificial Flavors, Preservatives or Dyes, 7.25 oz",Packaged Meals,1.48,$1.48,20.4 ¢/oz
"Great Value Artisan Crafted Loaded Bacon Cheddar Macaroni, 12 oz Shelf Stable",Packaged Meals,2.47,$2.47,20.6 ¢/oz
"Cheetos Flamin' Hot Mac'N Cheese Pasta with Flavored Sauce, 2.11 oz Cup",Packaged Meals,1.58,$1.58,74.9 ¢/oz
"(3 pack) Velveeta Shells and Cheese Mac and Cheese, 4 Cups, for Easy Snack or Dinner Side, Original Flavor, 2.39 oz",Packaged Meals,13.74,$13.74,47.7 ¢/oz
"Annie's Marvel Spidey and His Amazing Friends Organic Pasta and Cheddar, 6 oz",Packaged Meals,1.44,$1.44,24.0 ¢/oz
"Chef Boyardee Mac and Cheese, Microwavable Meal, 7.5 oz. Bowl",Packaged Meals,1.42,$1.42,18.9 ¢/oz
"Beecher's Smoked Flagship Mac & Cheese, 20 oz (Frozen)",Packaged Meals,11.53,$11.53,57.7 ¢/oz
"(6 pack) Kraft Deluxe Mac and Cheese, 4 Cups, for Easy Dinner or Dinner Sides, Original Flavor, No Artificial Flavors or Dyes, 2.39 oz",Packaged Meals,27.48,$27.48,47.9 ¢/oz
"Annie's Disney Moana Pasta and Cheddar Mac and Cheese, Kids Dinner Side, 6 oz",Packaged Meals,1.44,$1.44,24.0 ¢/oz
"DEVOUR White Cheddar Mac & Cheese with Smoked Bacon Frozen Meal, 12 oz Box",Packaged Meals,3.47,$3.47,28.9 ¢/oz
"Lean Cuisine Cheeseburger Mac, Frozen Mac and Cheese, Frozen Individual Meals 9.5 oz",Packaged Meals,2.94,$2.94,30.9 ¢/oz
"Kraft Mac and Cheese with Super Mario Power-Up Pasta Shapes, 4 Cups, for Easy Dinner or Dinner Sides, Original Flavor, No Artificial Flavors, Preservatives or Dyes, 1.9 oz",Packaged Meals,4.58,$4.58,60.3 ¢/oz
"Kraft Mac and Cheese, 1 Big Cup, for Easy Dinner or Dinner Sides, Original Flavor, No Artificial Flavors, Preservatives or Dyes, 4.1 oz",Packaged Meals,2.35,$2.35,57.3 ¢/oz
"Goodles Mac & Cheese Twist Parm Noodles, Asiago and Parmesan, Fusilli, Regular Cardboard Shelf-Stable, 5.25 oz",Packaged Meals,2.98,$2.98,56.2 ¢/oz
"Kraft NotCo Original Flavor Plant Based Mac & Cheese, 6 oz Box, Shelf-Stable",Packaged Meals,2.47,$2.47,41.2 ¢/oz
"Goodles Deluxe Ched Over Heels Liquid Mac & Cheese, Mild Cheddar, Shells, Shelf Stable, 9 oz; Brand: GOODLES; Product Type: Packaged Meals",Packaged Meals,3.48,$3.48,38.7 ¢/oz
"Panera Bread Vegetarian Ready-to-Heat Mac & Cheese, 24 oz Cup (Refrigerated)",Packaged Meals,9.94,$9.94,41.4 ¢/oz
"(12 pack) Goodles Mac & Cheese Cheddy Mac Noodles, Cheddar, Ziti, Shelf-Stable, 6 oz",Pasta,35.76,$35.76,49.7 ¢/oz
"(2 pack) Kraft Mac and Cheese, 5 Boxes, for Easy Dinner or Dinner Sides, Original Flavor, No Artificial Flavors, Preservatives or Dyes, 7.25 oz",Packaged Meals,7.96,$7.96,11.0 ¢/oz
"(4 pack) Chef Boyardee Mac and Cheese, Microwavable Meal, 7.5 oz. Bowl",Packaged Meals,5.68,$5.68,18.9 ¢/oz
"Hamburger Helper Double Cheeseburger Macaroni Value Size, 9.6 Ounces Box.",Packaged Meals,2.73,$2.73,28.4 ¢/oz
"Pasta Roni Shells & White Cheddar Pasta, 6.2 oz Box",Packaged Meals,1.38,$1.38,22.3 ¢/oz
"Annie's Super! Mac, Macaroni And Cheese, Shells and White Cheddar, 6 oz",Pasta,2.98,$2.98,49.7 ¢/oz
"(12 pack) Great Value Original Macaroni & Cheese, 7.25 oz",Packaged Meals,6.96,$6.96,8.0 ¢/oz
"Stouffer's Supreme Hidden Valley, Bacon Ranch Shells and Cheese, Stovetop Mac and Cheese (Box) 12 oz",Packaged Meals,2.66,$2.66,22.2 ¢/oz
"Hamburger Helper Double Cheeseburger Macaroni, 6 oz Box",Packaged Meals,1.84,$1.84,30.7 ¢/oz
"Annie's White Cheddar Microwave Mac and Cheese with Organic Pasta, 4 Cups, 8.04 oz",Packaged Meals,5.98,$5.98,74.8 ¢/oz
"Hamburger Helper Pasta Cheeseburger Macaroni, 2 oz Microwave Cup, Shelf Stable (Dried)",Packaged Meals,2.46,$2.46,$1.23/oz
"Annie's Gluten Free Rice Pasta and Cheddar, Made with Real Cheese, 6 oz",Packaged Meals,2.97,$2.97,49.5 ¢/oz
"(4 pack) Annie's Deluxe Shells and Aged Cheddar, Pasta and Cheese Sauce, Mac and Cheese, 11 oz",Packaged Meals,14.16,$14.16,32.2 ¢/oz
"(3 pack) Kraft Deluxe Mac and Cheese, 1 Family Size Box, for Easy Dinner or Dinner Sides, Original Cheddar Flavor, No Artificial Dyes or Flavors, 24 oz",Packaged Meals,17.94,$17.94,24.9 ¢/oz
"(2 pack) Kraft Mac and Cheese, 1 Box, for Easy Dinner or Dinner Sides, Jalapeo Flavored with Other Natural Flavors, No Artificial Flavors, Preservatives or Dyes, 7.25 oz",Packaged Meals,2.96,$2.96,20.4 ¢/oz
"Velveeta Shells and Cheese Mac and Cheese, 1 Big Cup, for Easy Dinner or Dinner Sides, Original Flavor, 5 oz",Packaged Meals,2.48,$2.48,49.6 ¢/oz
"Annie's Real Aged Cheddar Microwave Mac and Cheese with Organic Pasta, 4 Cups, 8.04 oz",Packaged Meals,5.98,$5.98,74.8 ¢/oz
"(12 pack) Great Value Thick & Creamy Macaroni & Cheese, 7.25 oz",Packaged Meals,6.96,$6.96,8.0 ¢/oz
"(3 pack) Velveeta Shells and Cheese Mac and Cheese, 1 Value Size Box, for Easy Dinner or Dinner Sides, Original Flavor, Made with Real Cheese, 24 oz",Packaged Meals,17.94,$17.94,24.9 ¢/oz
"Lean Cuisine Macaroni and Cheese Salisbury Steak Microwave Meals for Lunch or Dinner, 9.5 oz (Frozen)",Packaged Meals,3.47,$3.47,36.5 ¢/oz
"(3 pack) Great Value Artisan Crafted Macaroni and Cheese, Italian Five Cheese, 12 oz (Shelf Stable)",Packaged Meals,7.41,$7.41,20.6 ¢/oz
"Beecher's Gluten Free ""World's Best"" Mac & Cheese, 18 oz. (Frozen, Microwave/Oven Safe Tray)",Packaged Side Dishes,12.58,$12.58,69.9 ¢/oz
"Kraft Gluten Free Mac and Cheese, Brown Rice and Corn Pasta, 1 Box, for Easy Dinner or Dinner Sides, Original Flavor, No Artificial Flavors, Preservatives or Dyes, 6 oz",Packaged Meals,2.88,$2.88,48.0 ¢/oz
"(2 pack) Velveeta Shells and Cheese Mac and Cheese, 3 Boxes, for Easy Dinner or Dinner Sides, Original Flavor, Made with Real Cheese, 12 oz",Packaged Meals,13.44,$13.44,18.7 ¢/oz
"(3 pack) Great Value Artisan Crafted Havarti Cheddar Macaroni & Cheese, 12 oz (Shelf Stable)",Packaged Meals,7.41,$7.41,20.6 ¢/oz
"Marie Callender's KC Style Pulled Pork Mac and Cheese Bowl, Frozen Meal, 11 oz. (Frozen)",Packaged Meals,2.76,$2.76,25.1 ¢/oz
"Goodles Mac & Cheese Shella Good Noodles, Cheddar, Shells, 6 oz; Brand: GOODLES",Packaged Meals,2.98,$2.98,49.7 ¢/oz
"(6 pack) Annie's Marvel Spidey and His Amazing Friends Mac and Cheese, Pasta and Cheddar, 4 Cups, 7.48 oz",Packaged Meals,35.88,$35.88,79.7 ¢/oz
"(4 pack) Great Value Premium Original Shells & Cheese, 12 oz",Packaged Meals,5.92,$5.92,12.3 ¢/oz
"(3 pack) Great Value Artisan Crafted White Cheddar & Black Pepper Macaroni and Cheese, 12 oz (Shelf Stable)",Packaged Meals,7.41,$7.41,20.6 ¢/oz
"(3 pack) Stouffers Macaroni and Cheese Meal, Supreme Shells and Cheese, Cheddar Cheese Sauce, Boxed Mac and Cheese Pasta Dinner Kit, 12 oz",Packaged Meals,8.76,$8.76,24.3 ¢/oz
"(2 pack) Kraft Mac and Cheese, 8 Cups, for Easy Dinner or Dinner Sides, Original Flavor, No Artificial Flavors, Preservatives or Dyes, 2.05 oz",Packaged Meals,17.94,$17.94,54.7 ¢/oz
"DEVOUR Buffalo Style Chicken Mac & Cheese with Buffalo Cheddar Cheese Sauce & Blue Cheese Frozen Meal, 12 oz Box",Packaged Meals,3.47,$3.47,28.9 ¢/oz
"(12 pack) Kraft Mac and Cheese, 1 Box, for Easy Dinner or Dinner Sides, Thick 'n Creamy, No Artificial Flavors, Preservatives or Dyes, 7.25 oz",Packaged Meals,14.88,$14.88,17.1 ¢/oz
"(3 pack) Annie's Gluten Free Rice Pasta and Cheddar, Made with Real Cheese, 6 oz",Packaged Meals,8.34,$8.34,46.3 ¢/oz
"(6 pack) Kraft Deluxe Mac and Cheese, 1 Box, for Easy Dinner or Dinner Sides, Four Cheese, No Artificial Dyes or Flavors, 14 oz",Packaged Meals,17.82,$17.82,21.2 ¢/oz
Goodles Mac & Cheese Cheddy Mac Microwaveable Macaroni Cup; Shelf Stable; 2.2oz,Packaged Meals,1.97,$1.97,89.5 ¢/oz
"(2 pack) Great Value Artisan Crafted Macaroni and Cheese, Smoked Gouda, 12 oz (Shelf Stable)",Packaged Meals,4.94,$4.94,20.6 ¢/oz
"Kraft Mac and Cheese, 4 Cups, for Easy Dinner or Dinner Sides, Variety Pack, No Artificial Flavors, Preservatives or Dyes, 8.1 oz",Packaged Meals,4.92,$4.92,60.7 ¢/oz
"(4 pack) Beecher's Smoked Flagship Mac & Cheese, 20 oz (Frozen)",Packaged Meals,46.12,$46.12,57.7 ¢/oz
"Annie's Marvel Spidey and His Amazing Friends Mac and Cheese, Pasta and Cheddar, 4 Cups, 7.48 oz",Packaged Meals,5.98,$5.98,79.7 ¢/oz
"(3 pack) Kraft Mac and Cheese, 1 Box, for Easy Dinner or Dinner Sides, Ranch Flavored, No Artificial Flavors, Preservatives or Dyes, 7.25 oz",Packaged Meals,4.44,$4.44,20.4 ¢/oz
"Tapatio Mac N Cheese Bowl Queso Blanco, 2.4oz",Packaged Meals,1.12,$1.12,46.7 ¢/oz
"(6 pack) Kraft Deluxe Mac and Cheese, 1 Box, for Easy Dinner or Dinner Sides, Original Cheddar Cheese Flavor, No Artificial Dyes or Flavors, 14 oz",Packaged Meals,17.82,$17.82,21.2 ¢/oz
"Hamburger Helper Cheeseburger Macaroni, 10.6 oz Value Size Box",Packaged Meals,2.73,$2.73,25.8 ¢/oz
"(2 pack) Great Value, Teenage Mutant Ninja Turtles Mac & Cheese, Original Flavor, 5.5oz Box, Shelf Stable",Packaged Meals,1.16,$1.16,10.5 ¢/oz
"(2 pack) Marketside Ready to Heat Classic Macaroni & Cheese, Family Size Tray, 28 oz (Refrigerated)",Packaged Meals,7.96,$7.96,14.2 ¢/oz
"Goodles Deluxe Shell We Dance Liquid Mac & Cheese, Aged White Cheddar with Shells, 9 oz; Brand: GOODLES; Regular Cardboard Shelf-Stable",Packaged Meals,3.48,$3.48,38.7 ¢/oz
"(4 pack) Velveeta Shells and Cheese Mac and Cheese with Bacon, 1 Box, for Easy Dinner or Dinner Sides, Made with Real Cheese, 10.3 oz",Packaged Meals,11.88,$11.88,28.8 ¢/oz
"(6 pack) Marketside Ready to Heat Classic Macaroni & Cheese Tray, 20 oz, Refrigerated",Packaged Meals,17.82,$17.82,14.9 ¢/oz
"Velveeta Shells and Cheese Mac and Cheese, 1 Box, for Easy Dinner or Dinner Sides, Buffalo Style, Made with Real Cheese, 11 oz",Packaged Meals,2.97,$2.97,27.0 ¢/oz
"(4 pack) Kraft Mac and Cheese, 4 Cups, for Easy Dinner or Dinner Sides, Triple Cheese, No Artificial Flavors, Preservatives or Dyes, 2.05 oz",Packaged Meals,18.32,$18.32,55.9 ¢/oz
"Goodles Deluxe Queso Liquid Mac & Cheese, Tex-Mex Style Cheddar, Shells 9oz;  Brand: GOODLES; Food Condition: Unprepared",Packaged Meals,3.48,$3.48,38.7 ¢/oz
(6 pack) Great Value 2.05 oz Wicked Mystery Color Macaroni and Cheese Cup Shelf Stable,Packaged Meals,6,$6.00,48.8 ¢/oz
"Kraft NotCo White Cheddar Style Plant Based Mac & Cheese, 6 oz Box, Packaged Meal, Shelf-Stable",Packaged Meals,2.47,$2.47,41.2 ¢/oz
"Mac A Roni Pasta with Flavored Sauce Creamy White Cheddar, 2.04 oz 4 Count Cups",Packaged Meals,4.48,$4.48,55.3 ¢/oz
"HORMEL COMPLEATS Macaroni & Cheese, Shelf-Stable, 14 grams Protein Per Serving, 7.5 oz Plastic Microwaveable Tray",Packaged Meals,2.52,$2.52,33.6 ¢/oz
(12 pack) Great Value 2.05 oz Wicked Mystery Color Macaroni and Cheese Cup Shelf Stable,Packaged Meals,12,$12.00,48.8 ¢/oz
"(4 pack) Annie's Shells and White Cheddar, Made with Organic Pasta and Real Cheese, 6 oz",Packaged Meals,5.76,$5.76,24.0 ¢/oz
"(3 pack) Stouffers Macaroni and Cheese Meal, Supreme Shells and Cheese, Three Cheese Sauce, Boxed Mac and Cheese Pasta Dinner Kit, 12 oz",Packaged Meals,8.76,$8.76,24.3 ¢/oz
"(3 pack) Great Value Artisan Crafted Creamy Jalapeno Bacon Macaroni & Cheese, 12 oz Shelf Stable",Packaged Meals,7.41,$7.41,20.6 ¢/oz
"(2 pack) Great Value Artisan Crafted Loaded Bacon Cheddar Macaroni, 12 oz Shelf Stable",Packaged Meals,4.94,$4.94,20.6 ¢/oz
"Kraft Mac and Cheese, 4 Cups, for Easy Dinner or Dinner Sides, Ranch Flavored, No Artificial Flavors, Preservatives or Dyes, 2.05 oz",Packaged Meals,4.92,$4.92,60.0 ¢/oz
"Banza Shells & White Cheddar Mac- High Protein, Gluten Free, Lower Carb Protein Mac and Cheese, 5.5oz",Cheeses,3.18,$3.18,57.8 ¢/oz
"Kraft Mac and Cheese, 4 Cups, for Easy Dinner or Dinner Sides, Jalapeo Flavored with Other Natural Flavors, No Artificial Flavors, Preservatives or Dyes, 2.05 oz",Packaged Meals,4.92,$4.92,60.0 ¢/oz
"DEVOUR Chicken Cordon Bleu Mac and Cheese Frozen Meal, 10.5 Oz Box",Packaged Meals,3.47,$3.47,33.0 ¢/oz
"Goodles Mac & Cheese Shella Good Aged White Cheddar Microwaveable Cup; Shells, Shelf Stable 2.1oz",Packaged Meals,1.97,$1.97,93.8 ¢/oz
"Banza Elbows & Cheddar - High Protein, Gluten Free, Lower Carb Shelf-Stable Mac and Cheese, 5.5oz",Packaged Meals,3.18,$3.18,57.8 ¢/oz
"Annie's Super! Mac Microwave Pasta and Classic Cheddar Cups, 4 Ct, 11.44 oz",Packaged Meals,6.97,$6.97,60.9 ¢/oz
"Amy's Frozen Meals, Mac and Cheese, Rice Mac & Cheese, Gluten Free Microwave Meals, 9 oz",Packaged Meals,4.22,$4.22,46.9 ¢/oz
(6 pack) Goodles Mac & Cheese Cheddy Mac Microwaveable Macaroni Cup; Shelf Stable; 2.2oz,Packaged Meals,11.82,$11.82,89.5 ¢/oz
"(4 pack) Annie's Shells and Real Aged Cheddar, Made with Organic Pasta and Real Cheese, 6 oz",Packaged Meals,5.76,$5.76,24.0 ¢/oz
"(3 pack) Goodles Deluxe Ched Over Heels Liquid Mac & Cheese, Mild Cheddar, Shells, Shelf Stable, 9 oz; Brand: GOODLES; Product Type: Packaged Meals",Packaged Meals,10.44,$10.44,38.7 ¢/oz
"Great Value Gluten-Free Macaroni & Cheese, 6 oz",Packaged Meals,2.44,$2.44,40.7 ¢/oz
"(6 pack) Kraft Mac and Cheese, 4 Cups, for Easy Dinner or Dinner Sides, Original Flavor, No Artificial Flavors, Preservatives or Dyes, 2.05 oz",Packaged Meals,25.08,$25.08,51.0 ¢/oz
"(12 pack) Goodles Mac & Cheese Twist Parm Noodles, Asiago and Parmesan, Fusilli, Regular Cardboard Shelf-Stable, 5.25 oz",Packaged Meals,35.76,$35.76,56.2 ¢/oz
"(4 pack) Cracker Barrel Mac and Cheese, 1 Box, for Easy Dinner or Dinner Sides, Sharp White Cheddar Flavor, No Artificial Flavors or Dyes, 14 oz",Packaged Meals,14.72,$14.72,26.3 ¢/oz
"(2 pack) Kraft NotCo White Cheddar Style Plant Based Mac & Cheese, 6 oz Box, Packaged Meal, Shelf-Stable",Packaged Meals,4.94,$4.94,41.2 ¢/oz
"(4 pack) Velveeta Shells and Cheese Mac and Cheese, 1 Big Cup, for Easy Dinner or Dinner Sides, Original Flavor, 5 oz",Packaged Meals,9.92,$9.92,49.6 ¢/oz
"Yellowstone Crispy Chicken and Poblano Mac and Cheese, Protein Frozen Single Meals 12 oz",Packaged Meals,5.94,$5.94,49.5 ¢/oz
"Mac A Roni Pasta with Flavored Sauce Creamy Cheddar, 2.04 oz 4 Count Cups",Packaged Meals,4.48,$4.48,55.3 ¢/oz
"(4 pack) Kraft Gluten Free Mac and Cheese, Brown Rice and Corn Pasta, 1 Box, for Easy Dinner or Dinner Sides, Original Flavor, No Artificial Flavors, Preservatives or Dyes, 6 oz",Packaged Meals,11.52,$11.52,48.0 ¢/oz
"(4 pack) Kraft Mac and Cheese, 1 Big Bowl, for Easy Dinner or Dinner Sides, Original Flavor, No Artificial Flavors, Preservatives or Dyes, 3.5 oz",Packaged Meals,11.92,$11.92,85.1 ¢/oz
"Tapatio Mac N Cheese Bowl Original, 2.4oz",Packaged Meals,1.12,$1.12,46.7 ¢/oz
"(12 pack) Goodles Mac & Cheese Shella Good Aged White Cheddar Microwaveable Cup; Shells, Shelf Stable 2.1oz",Packaged Meals,23.64,$23.64,93.8 ¢/oz
"Daiya Dairy Free Gluten Free White Cheddar Mac & Cheese, Vegan, 5.5 oz (Shelf Stable)",Pasta,2.97,$2.97,54.0 ¢/oz
"Goodles Mac & Cheese Down the Hatch Noodles, Cheddar Chile Popper, Fusilli, Shelf-Stable, 5.25 oz",Packaged Meals,2.98,$2.98,56.2 ¢/oz
"Annie's Super! Mac, Shells and Parmesan, Made with Organic Pasta, 6 oz",Packaged Meals,2.98,$2.98,49.7 ¢/oz
"(3 pack) bettergoods Plant-Based Original Macaroni and Cheeze, 10.6 oz",Packaged Meals,8.91,$8.91,28.0 ¢/oz
"Daiya Dairy Free Gluten Free Cheddar Mac & Cheese, Vegan, 5.5 oz (Shelf Stable)",Packaged Meals,2.97,$2.97,54.0 ¢/oz
"(6 pack) Kraft NotCo Original Flavor Plant Based Mac & Cheese, 6 oz Box, Shelf-Stable",Packaged Meals,14.82,$14.82,41.2 ¢/oz
"Annie's Spirals and Creamy Queso with Organic Pasta, 5.25 oz",Packaged Meals,1.44,$1.44,27.4 ¢/oz
"(6 pack) Goodles Mac & Cheese Shella Good Aged White Cheddar Microwaveable Cup; Shells, Shelf Stable 2.1oz",Packaged Meals,11.82,$11.82,93.8 ¢/oz
"(12 pack) Goodles Mac & Cheese Shella Good Noodles, Cheddar, Shells, 6 oz; Brand: GOODLES",Packaged Meals,35.76,$35.76,49.7 ¢/oz
Tapatio Zesty Queso Blanco Mac & Cheese Deluxe (12 oz). Ready to Cook,Packaged Meals,3.48,$3.48,29.0 ¢/oz
"(2 pack) Kraft Mac and Cheese, 2 Big Cups, for Easy Dinner or Dinner Sides, Original Flavor, No Artificial Flavors, Preservatives or Dyes, 4.1 oz",Packaged Meals,9.84,$9.84,60.0 ¢/oz
"(2 pack) Velveeta Shells & Cheese Original Microwaveable Shell Pasta & Cheese Sauce, 8 ct Box, 2.39 oz Cups",Packaged Meals,17.94,$17.94,46.9 ¢/oz
"Kraft Mac and Cheese, 2 Big Cups, for Easy Dinner or Dinner Sides, Original Flavor, No Artificial Flavors, Preservatives or Dyes, 4.1 oz",Packaged Meals,4.92,$4.92,60.0 ¢/oz
Goodles Gluten Free Cheddy Mac Creamy Cheddar Protein Macaroni Noodles & Cheese - 6oz; Brand: GOODLES; Food Condition: Unprepared,Packaged Meals,3.97,$3.97,66.2 ¢/oz
Tapatio Mac N Cheese Deluxe Original Dinner 12 oz. Ready to cook,Packaged Meals,3.48,$3.48,29.0 ¢/oz
"Velveeta Shells and Cheese Pizza Flavored Mac and Cheese, 1 Box, for Easy Dinner or Dinner Sides, Made with Real Cheese, 10.9 oz",Packaged Meals,2.97,$2.97,27.2 ¢/oz
(12 pack) Goodles Mac & Cheese Cheddy Mac Microwaveable Macaroni Cup; Shelf Stable; 2.2oz,Packaged Meals,23.64,$23.64,89.5 ¢/oz
"(3 pack) Annie's Marvel Spidey and His Amazing Friends Mac and Cheese, Pasta and Cheddar, 4 Cups, 7.48 oz",Packaged Meals,17.94,$17.94,79.7 ¢/oz
"(8 pack) Great Value Gluten-Free Macaroni & Cheese, 6 oz",Packaged Meals,19.52,$19.52,40.7 ¢/oz
"bettergoods Plant-Based White Cheddar Style Macaroni and Cheeze, 10.6 oz",Packaged Meals,2.97,$2.97,28.0 ¢/oz
"Velveeta Cheesy Bowls Ultimate Cheeseburger Mac Microwave Meal, 9 oz Tray",Packaged Meals,3.27,$3.27,36.3 ¢/oz
"(4 pack) Great Value Gluten-Free Macaroni & Cheese, 6 oz",Packaged Meals,9.76,$9.76,40.7 ¢/oz
"(4 pack) Cheetos Mac 'N Cheese, Flamin' Hot Flavor, 5.9 oz Box",Puffed Snacks,4.96,$4.96,22.1 ¢/oz
"Annie's Super! Mac Microwave Pasta and Real Aged Cheddar Cups, 4 Ct, 11.44 oz",Packaged Meals,6.97,$6.97,60.9 ¢/oz
"(7 pack) HORMEL COMPLEATS Macaroni & Cheese, Shelf-Stable, 14 grams Protein Per Serving, 7.5 oz Plastic Microwaveable Tray",Packaged Meals,17.64,$17.64,33.6 ¢/oz
"(6 pack) Tapatio Mac N Cheese Bowl Queso Blanco, 2.4oz",Packaged Meals,6.72,$6.72,46.7 ¢/oz
"(4 pack) Banza Shells & White Cheddar Mac- High Protein, Gluten Free, Lower Carb Protein Mac and Cheese, 5.5oz",Packaged Meals,12.72,$12.72,57.8 ¢/oz
"Velveeta Cheesy Bowls Bacon Mac & Cheese Microwave Meal, 9 oz Tray",Packaged Meals,3.27,$3.27,36.3 ¢/oz
"(3 pack) Velveeta Shells and Cheese Pizza Flavored Mac and Cheese, 1 Box, for Easy Dinner or Dinner Sides, Made with Real Cheese, 10.9 oz",Packaged Meals,8.91,$8.91,27.2 ¢/oz
"Daiya Dairy Free Gluten Free Herb and Garlic Mac & Cheese, Vegan, 5.5 oz (Shelf Stable)",Packaged Meals,2.97,$2.97,54.0 ¢/oz
"Great Value Stroganoff Pasta Skillet Dinner, 5.6 oz",Packaged Meals,1.28,$1.28,22.9 ¢/oz
"Annie's Shells and White Cheddar, Made with Organic Pasta and Real Cheese, 4 Ct, 24 oz",Packaged Meals,5.28,$5.28,22.0 ¢/oz
"(3 pack) bettergoods Plant-Based White Cheddar Style Macaroni and Cheeze, 10.6 oz",Packaged Meals,8.91,$8.91,28.0 ¢/oz
"(3 pack) Kraft Mac and Cheese, 4 Cups, for Easy Dinner or Dinner Sides, Jalapeo Flavored with Other Natural Flavors, No Artificial Flavors, Preservatives or Dyes, 2.05 oz",Packaged Meals,14.76,$14.76,60.0 ¢/oz
"(6 pack) Goodles Mac & Cheese Shella Good Noodles, Cheddar, Shells, 6 oz; Brand: GOODLES",Packaged Meals,17.88,$17.88,49.7 ¢/oz
"(3 pack) Daiya Dairy Free Gluten Free Herb and Garlic Mac & Cheese, Vegan, 5.5 oz (Shelf Stable)",Packaged Meals,8.91,$8.91,54.0 ¢/oz
(2 pack) Tapatio Mac N Cheese Deluxe Original Dinner 12 oz. Ready to cook,Packaged Meals,6.96,$6.96,29.0 ¢/oz
"(6 pack) Hamburger Helper Cheeseburger Macaroni, 10.6 oz Value Size Box",Packaged Meals,16.38,$16.38,25.8 ¢/oz
"(6 pack) Velveeta Shells and Cheese Mac and Cheese with Broccoli, 1 Box, for Easy Dinner or Dinner Sides, Made with Real Cheese, 9.4 oz",Packaged Meals,17.82,$17.82,31.6 ¢/oz
"(3 pack) Kraft Mac and Cheese with Super Mario Power-Up Pasta Shapes, 4 Cups, for Easy Dinner or Dinner Sides, Original Flavor, No Artificial Flavors, Preservatives or Dyes, 1.9 oz",Packaged Meals,13.74,$13.74,60.3 ¢/oz
"(8 pack) Hamburger Helper Cheeseburger Macaroni, 6.6 oz Box",Packaged Meals,14.72,$14.72,27.9 ¢/oz
"Tuna Helper Cheesy Pasta with Real Cheese, 5.3 oz Box",Packaged Meals,1.84,$1.84,34.7 ¢/oz
"(4 pack) Annie's Gluten Free Rice Pasta and Cheddar, Made with Real Cheese, 6 oz",Packaged Meals,11.12,$11.12,46.3 ¢/oz
"(3 pack) Kraft Deluxe Mac and Cheese, 4 Cups, for Easy Dinner or Dinner Sides, Original Flavor, No Artificial Flavors or Dyes, 2.39 oz",Packaged Meals,13.74,$13.74,47.9 ¢/oz
"(3 pack) Goodles Deluxe Shell We Dance Liquid Mac & Cheese, Aged White Cheddar with Shells, 9 oz; Brand: GOODLES; Regular Cardboard Shelf-Stable",Packaged Meals,10.44,$10.44,38.7 ¢/oz
"(4 pack) Velveeta Skillets Ultimate Cheeseburger Mac One Pan Dinner Kit, 12.8 oz Box",Packaged Meals,13.68,$13.68,26.7 ¢/oz
(2 pack) Tapatio Zesty Queso Blanco Mac & Cheese Deluxe (12 oz). Ready to Cook,Packaged Meals,6.96,$6.96,29.0 ¢/oz
"(12 pack) Kraft Mac and Cheese, 1 Box, for Easy Dinner or Dinner Sides, Original Flavor, No Artificial Flavors, Preservatives or Dyes, 11 oz",Packaged Meals,17.76,$17.76,13.5 ¢/oz
"(3 pack) Velveeta Shells and Cheese Mac and Cheese, 1 Box, for Easy Dinner or Dinner Sides, Buffalo Style, Made with Real Cheese, 11 oz",Packaged Meals,8.91,$8.91,27.0 ¢/oz
"(12 pack) Annie's Marvel Spidey and His Amazing Friends Organic Pasta and Cheddar, 6 oz",Pasta,17.28,$17.28,24.0 ¢/oz
"(12 pack) Kraft Mac and Cheese, 1 Box, for Easy Dinner or Dinner Sides, Three Cheese with Mini-Shell Pasta, No Artificial Flavors, Preservatives or Dyes, 7.25 oz",Packaged Meals,14.88,$14.88,17.1 ¢/oz
"(4 pack) Velveeta Cheesy Bowls Bacon Mac & Cheese Microwave Meal, 9 oz Tray",Packaged Meals,13.08,$13.08,36.3 ¢/oz
"(12 pack) Tapatio Mac N Cheese Bowl Queso Blanco, 2.4oz",Packaged Meals,13.44,$13.44,46.7 ¢/oz
"Banza Brown Rice Mac & Cheese, Gluten Free Microwavable Cheddar Elbows - Classic Taste, Made in Italy",Packaged Meals,4.98,$4.98,$1.19/oz
"(2 pack) Banza Elbows & Cheddar - High Protein, Gluten Free, Lower Carb Shelf-Stable Mac and Cheese, 5.5oz",Packaged Meals,6.36,$6.36,57.8 ¢/oz
"(8 pack) Velveeta Cheesy Bowls Ultimate Cheeseburger Mac Microwave Meal, 9 oz Tray",Packaged Meals,26.16,$26.16,36.3 ¢/oz
"(6 pack) Hamburger Helper Double Cheeseburger Macaroni Value Size, 9.6 Ounces Box.",Packaged Meals,16.38,$16.38,28.4 ¢/oz
"(6 pack) Goodles Mac & Cheese Dreamy Creamy Noodles, Cheddar and Cream Cheese, Shells, 5.25oz; Brand: GOODLES",Packaged Meals,17.82,$17.82,56.6 ¢/oz
"(3 pack) Kraft Mac and Cheese, 4 Cups, for Easy Dinner or Dinner Sides, Ranch Flavored, No Artificial Flavors, Preservatives or Dyes, 2.05 oz",Packaged Meals,14.76,$14.76,60.0 ¢/oz
"Amy's Frozen Meals, Chili Mac Bowl, Microwave Meals, 9 oz",Packaged Meals,6.22,$6.22,69.1 ¢/oz
"Mountain House Lasagna w/Meat Sauce, Freeze-Dried Camping & Backpacking Food, 2 Serving",Emergency Food,11.23,$11.23,$3.12/oz
"(4 pack) Great Value Four Cheese Lasagna Pasta Skillet Dinner, 5.5 oz",Packaged Meals,5.12,$5.12,23.3 ¢/oz
"(12 pack) Daiya Dairy Free Gluten Free White Cheddar Mac & Cheese, Vegan, 5.5 oz (Shelf Stable)",Packaged Meals,35.64,$35.64,54.0 ¢/oz
"(12 pack) Daiya Dairy Free Gluten Free Cheddar Mac & Cheese, Vegan, 5.5 oz (Shelf Stable)",Packaged Meals,35.64,$35.64,54.0 ¢/oz
(3 pack) Goodles Gluten Free Cheddy Mac Creamy Cheddar Protein Macaroni Noodles & Cheese - 6oz; Brand: GOODLES; Food Condition: Unprepared,Packaged Meals,11.91,$11.91,66.2 ¢/oz
"Great Value Shells, 16 oz",Pasta,0.74,$0.74,4.6 ¢/oz
"(4 pack) Great Value Stroganoff Pasta Skillet Dinner, 5.6 oz",Packaged Meals,5.12,$5.12,22.9 ¢/oz
Freshness Guaranteed Hot and Ready-to-Eat Traditional Rotisserie Chicken Meal Bundle with Large Macaroni and Cheese and Large Mashed Potatoes,Packaged Meals,9.97,$9.97,27.7 ¢/oz
"(8 pack) Tuna Helper Cheesy Pasta with Real Cheese, 5.3 oz Box",Packaged Meals,14.72,$14.72,34.7 ¢/oz
Freshness Guaranteed Hot and Ready-to-Eat Lemon Pepper Rotisserie Chicken Meal Bundle with Large Macaroni and Cheese and Large Mashed Potatoes,Packaged Meals,9.97,$9.97,27.7 ¢/oz
"Great Value Macaroni & Beef, 15 oz",Packaged Meals,1.08,$1.08,7.2 ¢/oz
"Velveeta Cheesy Bowls Chicken Alfredo Microwave Meal, 9 oz Tray",Packaged Meals,3.27,$3.27,36.3 ¢/oz
"(6 pack) Great Value Rigatoni, 16 oz",Pasta,4.44,$4.44,4.6 ¢/oz
"(6 pack) Great Value Jumbo Shell, 12 oz",Pasta,11.04,$11.04,15.3 ¢/oz
"Marie Callenders Salisbury Steak, Frozen Meal, 14 oz (Frozen)",Packaged Meals,3.48,$3.48,24.9 ¢/oz
"Chef Boyardee Beefaroni in Tomato and Meat Sauce, Ready-to-Eat Meal, 15 oz. Can",Packaged Meals,1.18,$1.18,7.9 ¢/oz
"Great Value Chili with Beans, 15 oz Can",Packaged Meals,2.14,$2.14,14.3 ¢/oz
"(4 pack) Velveeta Cheesy Bowls Chicken Alfredo Microwave Meal, 9 oz Tray",Packaged Meals,13.08,$13.08,36.3 ¢/oz
"Kitchen Table Southwest Style Chicken Bowl, Microwave Ready Family Packaged Meal, 35 oz (Fresh)",Packaged Meals,13.86,$13.86,39.6 ¢/oz
"By Chef Ramsay Shepherd's Pie, 10 oz Bowl (Frozen)",Packaged Meals,5.94,$5.94,59.4 ¢/oz
"(6 pack) Hamburger Helper Four Cheese Lasagna, 8.8 oz Value Size Box",Packaged Meals,16.38,$16.38,31.0 ¢/oz
"HORMEL SQUARE TABLE Roasted Chicken Breasts & Gravy Entre, Refrigerated, 15 oz Plastic Tray",Packaged Meals,7.92,$7.92,52.8 ¢/oz
"HORMEL SQUARE TABLE Meatloaf With Tomato Sauce Refrigerated Entre, Refrigerated, 15 oz Plastic Tray",Packaged Meals,8.98,$8.98,59.9 ¢/oz
"HORMEL Chili, No Beans, No Artificial Ingredients, 15 oz Aluminum Can",Canned & Jarred Meats,3.33,$3.33,22.2 ¢/oz
"Tyson Any'tizers White Meat Crispy Chicken Fries, 26.5 oz (Frozen Fully Cooked)",Packaged Meals,6.98,$6.98,26.3 ¢/oz
"Chef Boyardee Mini Ravioli, Beef Ravioli in Pasta Sauce, Ready-to-Eat Meal, 15 oz. Can",Packaged Meals,1.18,$1.18,7.9 ¢/oz
"Soules Kitchen Rotisserie Chicken, 8 oz, Refrigerated, 18g Protein per 3oz Serving",Packaged Meals,2.94,$2.94,36.8 ¢/oz
"On-Cor Gravy & 6 Salisbury Steaks Entree, Regular 28 Ounce Package Meal, (Frozen)",Packaged Meals,3.97,$3.97,14.2 ¢/oz
"Marie Callender's Fettuccini With Chicken & Broccoli, Frozen Meal, 13 oz (frozen)",Packaged Meals,3.48,$3.48,26.8 ¢/oz
"Banquet Sausage and Gravy Deep Dish Pot Pie, Frozen Meal, 7 oz.",Packaged Meals,1,$1.00,14.3 ¢/oz
"DINTY MOORE Beef Stew with Potatoes and Carrots, Shelf Stable, Serving Per Container 2.5, 20 oz Steel Can",Prepared & Packaged Soups,3.74,$3.74,18.7 ¢/oz
"Tyson Any'tizers Sweet BBQ Boneless Chicken Bites, 24 oz (Frozen, Fully Cooked)",Packaged Meals,6.98,$6.98,29.1 ¢/oz
"Great Value Cheese Ravioli Pasta, 25 oz",Packaged Meals,4.27,$4.27,17.1 ¢/oz
"Pasta Roni Garlic & Olive Oil Vermicelli, 4.6 oz Box",Packaged Meals,1.38,$1.38,30.0 ¢/oz
"Rice-A-Roni Cheddar Broccoli Flavor Rice, 6.5 oz Cardboard Box, Packaged Meal, Dry Uncooked Rice",Packaged Meals,1.38,$1.38,21.2 ¢/oz
"Banquet Beef Pot Pie, Frozen Meal, 7 oz.",Packaged Meals,1,$1.00,14.3 ¢/oz
"Realgood Foods Co. Lightly Breaded Chicken Breast Nuggets, 20 oz Bag (Frozen)",Packaged Meals,7.86,$7.86,39.3 ¢/oz
"Stouffers Frozen Dinner Meatloaf, Family Size, Meatloaf Frozen Meal, Easy Family Meal",Packaged Meals,7.32,$7.32,22.2 ¢/oz
"Zatarain's Yellow Rice Mix, 6.9 oz Box",Packaged Meals,1.64,$1.64,23.8 ¢/oz
"DINTY MOORE Beef Stew with Potatoes and Carrots, Shelf Stable, Packaged Meals, 15 oz Steel Can",Packaged Meals,3.12,$3.12,20.8 ¢/oz
"Marie Callender's Chicken Pot Pie, Single Serve Frozen Meal, 10 oz. (frozen)",Packaged Meals,1.94,$1.94,19.4 ¢/oz
"Rice-A-Roni Chicken Broth and Herbs Flavor Rice & Vermicelli Packaged Meal, Shelf-Stable 6.9 oz Box",Packaged Meals,1.38,$1.38,20.0 ¢/oz
"Birds Eye Voila! Cheesy Chicken, Frozen Meal, 60 oz. Value Size Bag",Packaged Meals,11.32,$11.32,18.9 ¢/oz
"Smart Ones Three Cheese Ziti Marinara Frozen Meal, 9 Oz Box",Packaged Meals,2.26,$2.26,25.1 ¢/oz
"DEVOUR Cajun-Style Alfredo with Smoked Sausage & Chicken Frozen Meal, 10 oz Box",Packaged Meals,3.47,$3.47,34.7 ¢/oz
"Birds Eye Voila! Garlic Chicken, Frozen Meal, 60 oz. Value Size Bag",Packaged Meals,11.32,$11.32,18.9 ¢/oz
"InnovAsian Orange Chicken Meal, 18 oz (Frozen Meal)",Packaged Meals,7,$7.00,38.9 ¢/oz
Marie Callender's Traditional Lasagna With Meat & Sauce Bowl Frozen Meal 11.75oz (frozen),Packaged Meals,2.76,$2.76,23.4 ¢/oz
"Marie Callender's Savory Swedish Meatballs Bowl, Frozen Meal, 11.5 oz. (frozen)",Packaged Meals,2.76,$2.76,24.0 ¢/oz
"Banquet MEGA Bowls Dynamite Penne with Meatballs, Frozen Meal, 14 oz.",Packaged Meals,2.98,$2.98,21.3 ¢/oz
"Lean Cuisine Spaghetti with Meatballs Microwave Meals for Lunch or Dinner, 9.5 oz (Frozen)",Packaged Meals,2.94,$2.94,30.9 ¢/oz
Boston Market Country Fried Beef Steak Meal 13.2oz (Frozen Dinner),Packaged Meals,3.32,$3.32,25.2 ¢/oz
"Tai Pei Chicken Fried Rice, Frozen Asian Entre, 11 oz",Packaged Meals,3.44,$3.44,31.3 ¢/oz
"LLOYD'S Seasoned Shredded Pork, Regular, Refrigerated, 16 oz Plastic Tub",Packaged Meals,5.48,$5.48,34.3 ¢/oz
"Lily's Toaster Grills - American Cheese Sandwich - Frozen Meal, 2 Pack",Packaged Appetizers,3.78,$3.78,55.6 ¢/oz
"Velveeta Skillets Philly Cheese Steak Pasta Dinner Kit, 12.2 oz Box",Packaged Meals,3.42,$3.42,28.0 ¢/oz
"Chef Boyardee Spaghetti & Meatballs in Tomato Sauce, Ready-to-Eat Meal, 14.5 oz. Can (Pack of 4)",Packaged Meals,4.88,$4.88,8.4 ¢/oz
"Velveeta Skillets Chicken Pasta Dinner Kit with Bacon & Ranch, 11.5 oz Box",Packaged Meals,3.42,$3.42,29.7 ¢/oz
"P.F. Chang's Home Menu Chicken Lo Mein Skillet Meal, Frozen Dinner, 22 oz.",Packaged Meals,7.32,$7.32,33.3 ¢/oz
"P.F. Chang's Home Menu Beef and Broccoli Skillet Meal, Frozen Dinner, 22 oz.",Packaged Meals,7.32,$7.32,33.3 ¢/oz
"Great Value Fully Cooked Grilled Chicken Breast, Whole, 22 oz (Frozen)",Packaged Meals,9.43,$9.43,$6.88/lb
"Yellowstone Chicken and Dumplings Frozen Meals for One, Microwave Meal Protein Dinner 15 oz",Packaged Meals,5.94,$5.94,39.6 ¢/oz
"Healthy Choice Caf Steamers Barbecue Seasoned Steak With Potatoes, Frozen Meal, 9.5 oz. Bowl",Packaged Meals,2.77,$2.77,29.2 ¢/oz
"Chef Boyardee Mini Ravioli, Beef Ravioli in Pasta Sauce, Ready-to-Eat Meal, 15 oz. Can (Pack of 4)",Packaged Meals,4.88,$4.88,8.1 ¢/oz
"Healthy Choice Simply Steamers Meatball Marinara, Frozen Meal, 10 oz. Bowl",Packaged Meals,3.42,$3.42,34.2 ¢/oz
"Marketside Ready to Heat BBQ Beef Brisket Burnt Ends Packaged Meal, 16 oz (Refrigerated)",Packaged Meals,12.97,$12.97,81.1 ¢/oz
"SpaghettiOs Original Canned Pasta, 15.8 oz Can (Pack of 4)",Pasta,4.87,$4.87,7.7 ¢/oz
"Banquet Turkey Pot Pie, Frozen Meal, 7 oz.",Packaged Meals,1,$1.00,14.3 ¢/oz
"LLOYD'S Seasoned and Shredded Beef in Original BBQ Sauce, 15 grams Protein Per Serving, Refrigerated, 15 oz Plastic Tub",Packaged Meals,6.94,$6.94,46.3 ¢/oz
"Velveeta Skillets Chicken Pasta Dinner Kit with Broccoli & Orzo, 13.6 oz Box",Packaged Meals,3.42,$3.42,25.1 ¢/oz
"Great Value Fully Cooked Chicken Strips, 25 oz (Frozen)",Packaged Meals,8.26,$8.26,$5.30/lb
"Chef Boyardee Mini ABC's and 123's with Meatballs in Tomato Sauce, Ready-to-Eat Meal, 15 oz. Can",Packaged Meals,0.98,$0.98,6.5 ¢/oz
"Great Value Cheddar Broccoli Flavored Pasta & Sauce 4.3oz (Shelf-Stable Pouch, Packaged Meal)",Packaged Meals,1,$1.00,23.3 ¢/oz
"Deep Indian Kitchen Chicken Tikka Masala, 9oz (Frozen Packaged Meal)",Packaged Meals,5.47,$5.47,60.8 ¢/oz
"Marie Callender's Beef Shepherd's Pie, Frozen Meal, 11.5 oz (Frozen)",Packaged Meals,2.98,$2.98,25.9 ¢/oz
"InnovAsian Sticky White Rice, 18 oz (Frozen Meal)",Packaged Meals,4.54,$4.54,25.2 ¢/oz
"Chef Boyardee Spaghetti and Meatballs in Tomato Sauce, Ready-to-Eat Meal, 14.5 oz. Can",Packaged Meals,1.34,$1.34,9.2 ¢/oz
"Great Value Stuffed Shells Pasta, 32 oz",Packaged Meals,7.88,$7.88,24.6 ¢/oz
"Lunchables Pepperoni and Mozzarella Cracker Stackers, 2.25 oz Tray, Refrigerated Packaged Meal",Packaged Meals,1.87,$1.87,83.1 ¢/oz
"Tyson Honey Battered Breast Tenders, 25.5 oz (Frozen, Fully Cooked)",Packaged Meals,6.46,$6.46,25.3 ¢/oz
"Chef Boyardee Beef Ravioli in Pasta Sauce, Ready-to-Eat Meal, 15 oz. Can",Packaged Meals,1.34,$1.34,8.9 ¢/oz
"Lunchables Nachos with Cheese Dip and Salsa, 4.4 oz Pack",Packaged Meals,1.58,$1.58,35.9 ¢/oz
"Banquet Family Size Backyard BBQ Boneless Patties, Frozen Meal, 26 oz.",Packaged Meals,3.87,$3.87,14.9 ¢/oz
"Pasta Roni Angel Hair Pasta with Herbs, 4.8oz Box",Packaged Meals,1.38,$1.38,28.8 ¢/oz
"Great Value Breaded Fully Cooked Popcorn Chicken, 25.5 oz (Frozen)",Packaged Meals,7.68,$7.68,30.1 ¢/oz
"Marie Callender's Beef Pot Pie Large Size Frozen Meal, 15 oz. (frozen)",Packaged Meals,2.94,$2.94,19.6 ¢/oz
"Knorr No Artificial Flavors Creamy Garlic Spiral Pasta Cooks in 8 Minutes , 4.4 oz Regular Pouch",Packaged Meals,1,$1.00,22.7 ¢/oz
"Tyson Anytizers Crispy Boneless Chicken Nugget Bites, 24 oz (Frozen, Fully Cooked)",Packaged Meals,6.98,$6.98,29.1 ¢/oz
"Great Value Dino Shaped Chicken Breast Nuggets, 29 oz (Frozen)",Packaged Meals,5.97,$5.97,20.6 ¢/oz
"SpaghettiOs Canned Pasta with Meatballs, 15.6 oz Can",Packaged Meals,1.37,$1.37,8.8 ¢/oz
"Banquet Mega Meals Salisbury Steak with Mashed Potatoes, Frozen Meal, 16.95 oz.",Packaged Meals,3.12,$3.12,18.4 ¢/oz
"Kitchen Table Jalapeno Cheddar Chicken with Rice, 12 oz, Prepared Meal, Microwave Ready, Fresh",Packaged Meals,5.92,$5.92,49.3 ¢/oz
"Banquet MEGA Filets Spicy Crispy Chicken Filets, Frozen Meal, 24 oz., 6-Count",Packaged Meals,5.96,$5.96,$3.97/lb
"Marie Callender's Chicken Pot Pie, Single Serve Frozen Meal, 40 oz., 4-Count (frozen)",Packaged Meals,9.97,$9.97,24.9 ¢/oz
"Marie Callender's Steak & Roasted Potatoes, Frozen Meal, 11.9 oz (Frozen)",Packaged Meals,3.48,$3.48,29.2 ¢/oz
"Chef Boyardee Mini Micro Beef Ravioli in Tomato and Meat Sauce, Microwavable Meal, 7.5 oz. Bowl",Packaged Meals,1.42,$1.42,18.9 ¢/oz
"HORMEL COMPLEATS Beef Pot Roast, Shelf Stable 9 oz Plastic Tray",Packaged Meals,2.52,$2.52,28.0 ¢/oz
"Amy's Frozen Meals, Mexican Casserole Bowl, Microwave Meals, 9.5 oz",Packaged Meals,5.48,$5.48,57.7 ¢/oz
"Chef Boyardee Beefaroni, Pasta in Tomato and Meat Sauce, Microwavable Meal, 7.5 oz. Bowl",Packaged Meals,1.34,$1.34,17.9 ¢/oz
"Steak-umm Sliced Steaks All-Natural 100% Beef, 12 oz 8 Count, (Frozen)",Packaged Meals,5.63,$5.63,46.9 ¢/oz
"Marie Callender's Family Size Cheesy Chicken and Rice, Frozen Meal, 36 oz. (frozen)",Packaged Meals,8.63,$8.63,24.0 ¢/oz
"Rice-A-Roni Chicken Rice & Vermicelli Mix Packaged Meal, Family Size, Shelf-stable 13.8 oz Box",Packaged Meals,2.32,$2.32,16.8 ¢/oz
"Marie Callender's Grilled Chicken Alfredo Bake Bowl, Frozen Meal, 11.6 oz. (Frozen)",Packaged Meals,2.76,$2.76,23.8 ¢/oz
"Tai Pei Chicken Potstickers, Frozen Asian Appetizers, 46.5 oz",Packaged Meals,12.46,$12.46,26.8 ¢/oz
"Healthy Choice Protein Bowls Basil Pesto Chicken, 19g Protein, High-Protein Frozen Meal, 9.25-oz. Bowl",Packaged Meals,4.18,$4.18,44.9 ¢/oz
"Birds Eye Voila! Alfredo Chicken, Frozen Meal, 60 oz. Value Size Bag",Packaged Meals,11.32,$11.32,18.9 ¢/oz
"(4 pack) Velveeta Skillets Creamy Beef Stroganoff Pasta Dinner Kit, 11.6 oz Box",Packaged Meals,13.68,$13.68,29.5 ¢/oz
"Amy's Frozen Meals, Broccoli & Cheddar Bowl, Microwave Meals, 9.5 oz",Packaged Meals,5.48,$5.48,57.7 ¢/oz
"Smart Ones Ham & Cheese Scramble Frozen Meal, 6.49 Oz Box",Packaged Meals,2.26,$2.26,34.8 ¢/oz
"Banquet Original Crispy Fried Chicken, Frozen Meal, 42 oz.",Packaged Meals,15.22,$15.22,36.2 ¢/oz
"HORMEL COMPLEATS Salisbury Steak with Sliced Potatoes, Shelf-Stable, 13 grams Protein, 9 oz Plastic Microwaveable Tray",Packaged Meals,2.52,$2.52,28.0 ¢/oz
"Rice-A-Roni, Creamy Four Cheese Rice and Vermicelli Mix, 2.25 oz Cup",Packaged Side Dishes,1.54,$1.54,67.0 ¢/oz
"HORMEL COMPLEATS Chicken Alfredo, Shelf-Stable, Packaged Meals, 16 grams Protein, 10 oz Plastic Microwaveable Tray",Packaged Meals,2.52,$2.52,25.2 ¢/oz
"Healthy Choice Caf Steamers Spaghetti & Meatballs, Frozen Meal, 9.5 oz. Bowl",Packaged Meals,2.77,$2.77,29.2 ¢/oz
"Tyson Crispy Chicken Breast Strips, 25 oz (Frozen, Fully Cooked)",Packaged Meals,6.97,$6.97,27.9 ¢/oz
"InnovAsian Beef & Broccoli, 16 oz (Frozen Meal)",Packaged Meals,7,$7.00,43.8 ¢/oz
"HORMEL COMPLEATS Chicken Breast with Gravy & Mashed Potatoes, Shelf Stable, 10 oz Plastic Tray",Packaged Meals,2.52,$2.52,25.2 ¢/oz
"Marie Callender's Family Size Chicken Alfredo Pasta, Frozen Meal, 36 oz. (frozen)",Packaged Meals,8.63,$8.63,24.0 ¢/oz
"HORMEL COMPLEATS Dumplings & Chicken, Shelf Stable, Serving Size 213 g, 7.5 oz Plastic Tray",Packaged Meals,2.52,$2.52,33.6 ¢/oz
"Marie Callender's Creamy Parmesan Chicken Pot Pie, Frozen Meal, 15 oz. (frozen)",Packaged Meals,2.94,$2.94,19.6 ¢/oz
"Stouffers Chicken Enchiladas, Party Size, Frozen Enchiladas, Party Size Frozen Meals 57 oz",Packaged Meals,14.83,$14.83,26.0 ¢/oz
"HORMEL COMPLEATS Rice and Chicken, Shelf Stable, 7.5 oz Plastic Tray",Packaged Meals,2.52,$2.52,33.6 ¢/oz
"Healthy Choice Simply Steamers Grilled Basil Chicken, Frozen Meal, 9.9 oz. Bowl",Packaged Meals,3.42,$3.42,34.5 ¢/oz
"Bertolli Shrimp Scampi & Linguine, Frozen Meal, 22 oz.",Packaged Meals,7.32,$7.32,33.3 ¢/oz
"Tai Pei Pork Potstickers, Frozen Asian Appetizers, 46.5 oz",Packaged Meals,12.46,$12.46,26.8 ¢/oz
"HORMEL COMPLEATS Turkey & Dressing, Shelf Stable, 10 oz Plastic Tray",Packaged Meals,2.52,$2.52,25.2 ¢/oz
"Yellowstone Country Fried Steak and Mash, Steak Dinner, Meals for One, Frozen Dinner 12 oz",Packaged Meals,5.94,$5.94,49.5 ¢/oz
"Rice-A-Roni Creamy Four Cheese Rice & Vermicelli Mix, 6.4 oz Cardboard Regular Box",Packaged Meals,1.38,$1.38,21.6 ¢/oz
"HORMEL SQUARE TABLE Slow Simmered Pork Roast Au Jus and Savory Sauce, Refrigerated, 15 oz Plastic Microwaveable Tray",Packaged Meals,5.97,$5.97,39.8 ¢/oz
"Chef Boyardee Beefaroni in Tomato and Meat Sauce, Ready-to-Eat Meal, 15 oz. Can (Pack of 4)",Packaged Meals,4.88,$4.88,8.1 ¢/oz
"HORMEL COMPLEATS Roast Beef & Mashed Potatoes, Shelf-Stable, 14 grams Protein, 9 oz Plastic Microwaveable Tray",Packaged Meals,2.52,$2.52,28.0 ¢/oz
"Amy's Frozen Meals, Chile Relleno Casserole Bowl, Microwave Meals, 9 oz",Packaged Meals,6.22,$6.22,69.1 ¢/oz
"Tyson Breaded White Meat Chicken Patties, 54 oz (Frozen, Fully Cooked)",Packaged Meals,12.44,$12.44,23.0 ¢/oz
"Chef Boyardee Cheese Ravioli in Tomato Sauce, Ready-to-Eat Meal, 15 oz. Can",Packaged Meals,1.34,$1.34,8.9 ¢/oz
"Yellowstone Honey BBQ Chicken and Mash, Single Meals, BBQ Dinner Frozen Chicken Meal  12 oz",Packaged Meals,5.94,$5.94,49.5 ¢/oz
"Marie Callenders Turkey Pot Pie Large Size Frozen Meal, 15 oz. (frozen)",Packaged Meals,2.94,$2.94,19.6 ¢/oz
"(8 pack) Rice-A-Roni Chicken Broth and Herbs Flavor Rice & Vermicelli Packaged Meal, Shelf-Stable 6.9 oz Box",Packaged Meals,11.04,$11.04,20.0 ¢/oz
"Chef Boyardee Rice with Chicken & Vegetables, Microwavable Meal, 7.25 oz. Bowl",Packaged Meals,1.42,$1.42,19.6 ¢/oz
"Stouffers Five Cheese Lasagna, Party Size Frozen Cheese Lasagna, Easy Dinners, Frozen Meals 96 oz",Packaged Meals,14.83,$14.83,15.4 ¢/oz
"Realgood Foods Co. Lightly Breaded Chicken Breast Strips, Gluten-Free, 20 oz Regular Bag (Frozen)",Packaged Meals,7.86,$7.86,39.3 ¢/oz
"(2 pack) HORMEL COMPLEATS Turkey & Dressing, Shelf Stable, 10 oz Plastic Tray",Packaged Meals,5.04,$5.04,25.2 ¢/oz
"(4 pack) Banquet Sausage and Gravy Deep Dish Pot Pie, Frozen Meal, 7 oz.",Packaged Meals,4,$4.00,14.3 ¢/oz
"HORMEL COMPLEATS Spaghetti & Meat Sauce, Shelf-Stable, 11 grams Protein, 7.5 oz Plastic Microwaveable Tray",Packaged Meals,2.28,$2.28,30.4 ¢/oz
"DINTY MOORE Beef Stew, Shelf-Stable, 12 grams Protein, 9 oz Plastic Microwaveable Tray",Packaged Meals,2.52,$2.52,28.0 ¢/oz
"Stouffer's Classic Lasagna with Meat and Sauce, Party Size Pasta, Frozen Meals, 90 oz (Frozen)",Packaged Meals,14.83,$14.83,16.5 ¢/oz
"HORMEL COMPLEATS Italian Chicken and Penne Pasta Shelf-Stable, 9 oz Plastic Microwaveable Tray",Packaged Meals,2.52,$2.52,28.0 ¢/oz
"(4 pack) Banquet Turkey Pot Pie, Frozen Meal, 7 oz.",Packaged Meals,4,$4.00,14.3 ¢/oz
"Tyson Dino Chicken Nuggets, 29 oz (Frozen, Fully Cooked)",Packaged Meals,6.46,$6.46,22.3 ¢/oz
"Marie Callenders Fettuccini With Chicken and Broccoli Meal To Share, Frozen Meal, 26 oz (Frozen)",Packaged Meals,6.57,$6.57,25.3 ¢/oz
"Take Home Tonight Chicken Enchilada Bake, Family Size, 38 oz, Refrigerated",Packaged Meals,14.97,$14.97,39.4 ¢/oz
"Tyson Any'tizers Buffalo Style Hot Wings Bone-in Wings, 22 oz (Frozen, Fully Cooked)",Packaged Meals,6.98,$6.98,31.7 ¢/oz
"Great Value Pepperoni Pizza Snack Builders, 4.20 oz (Refrigerated)",Packaged Meals,1.58,$1.58,37.6 ¢/oz
"Chef Boyardee Mini ABC's and 123's with Meatballs in Tomato Sauce, Microwavable Meal, 7.5 oz. Bowl",Packaged Meals,1.42,$1.42,18.9 ¢/oz
"Rice-A-Roni Long Grain & Wild Rice Mix Packaged Meal, 4.3 oz Shelf-Stable Box",Packaged Meals,0.98,$0.98,22.8 ¢/oz
"Great Value Italian-Style Three Meat Lasagna, 35 oz Packaged Meal (Frozen)",Packaged Meals,7.88,$7.88,22.5 ¢/oz
"Great Value Ham and Cheese Snack Builders with Cookies, 3.20 oz (Refrigerated)",Packaged Meals,1.58,$1.58,49.4 ¢/oz
"Great Value Italian-Style Three Meat Lasagna Packaged Meal, 90 oz (Frozen)",Packaged Meals,14.87,$14.87,16.5 ¢/oz
"Velveeta Cheesy Bowls Lasagna with Meat Sauce Microwave Meal, 9 oz Tray",Packaged Meals,3.27,$3.27,36.3 ¢/oz
"Bertolli Chicken Broccoli Fettuccine Alfredo, Family Size, Frozen Meal, 36 oz.",Packaged Meals,11.32,$11.32,31.4 ¢/oz
"Tyson White Meat Chicken Nuggets, 29 oz (Frozen, Fully Cooked)",Packaged Meals,4.97,$4.97,17.1 ¢/oz
"Chef Boyardee Beef Ravioli in Pasta Sauce, Microwavable Meal, 7.5 oz Bowl., 4-Count",Packaged Meals,1.42,$1.42,18.9 ¢/oz
"Velveeta Skillets Creamy Beef Stroganoff Pasta Dinner Kit, 11.6 oz Box",Packaged Meals,3.42,$3.42,29.5 ¢/oz
"Yummy All Natural Dino Buddies Chicken Breast Nugget Meal, 35 Ounces, 10g of Protein per 89g Serving, Frozen",Packaged Meals,9.43,$9.43,26.9 ¢/oz
"Ben's Original Ready Rice Garden Vegetable Flavored Rice, Easy Dinner Side, 8.8 Ounce Pouch",Packaged Meals,2.18,$2.18,24.8 ¢/oz
"Great Value Turkey and Cheese Snack Builders with Cookies, 3.20 oz (Refrigerated)",Packaged Meals,1.58,$1.58,49.4 ¢/oz
"HORMEL COMPLEATS Swedish Meatballs with Pasta in Cream Sauce, Shelf-Stable, 9 oz Plastic Microwaveable Tray",Packaged Meals,2.52,$2.52,28.0 ¢/oz
"Knorr No Artificial Flavors Creamy Chicken Broccoli Rice, 5.5 oz Regular Pouch",Packaged Meals,1.24,$1.24,22.5 ¢/oz
"Chef Boyardee Beef Ravioli in Pasta Sauce, Ready-to-Eat Meal, 15 oz. Can (Pack of 4)",Packaged Meals,4.88,$4.88,8.1 ¢/oz
"Realgood Foods Co. Lightly Breaded Chicken Breast Fillets, 20 oz Bag (Frozen)",Packaged Meals,8.76,$8.76,43.8 ¢/oz
"Tyson Oven Roasted Diced Chicken Breast, 22 oz (Frozen, Fully Cooked)",Packaged Meals,6.98,$6.98,31.7 ¢/oz
"Knorr Pasta Sides Four Cheese Fusilli Pasta Made with No Artificial Flavors, 4.1 Oz Pouch",Packaged Side Dishes,1.24,$1.24,30.2 ¢/oz
"Marie Callender's Cheesy Chicken & Bacon Pot Pie, Frozen Meal, 15 oz. (frozen)",Packaged Meals,2.94,$2.94,19.6 ¢/oz
"Tyson Grilled Fajita Chicken Breast Strips, 22 oz (Frozen, Fully Cooked)",Packaged Meals,7.47,$7.47,34.0 ¢/oz
"Rice-A-Roni Rice, Spanish Flavor 6.8 oz Box",Packaged Meals,1.38,$1.38,20.3 ¢/oz
"Tyson Homestyle Chicken Breasts with Gravy Mix, 22.75 oz (Frozen, Fully Cooked)",Packaged Meals,8.47,$8.47,37.2 ¢/oz
"Velveeta Skillets Chicken Alfredo One Pan Dinner Kit, 12.5 oz Box",Packaged Meals,3.42,$3.42,27.4 ¢/oz
"Foster Farms Classic Popcorn Chicken, 24 oz (Frozen)",Packaged Meals,8.72,$8.72,36.3 ¢/oz
"Blake's All Natural Shepherd's Pie, 14g Protein, Frozen Meal, 8 oz (Frozen)",Packaged Meals,4.12,$4.12,51.5 ¢/oz
"Knorr Pasta Sides Buffalo Chicken Flavor Spiral Pasta Made with No Artificial Flavors, 4.2 Oz Pouch",Packaged Meals,1.24,$1.24,29.5 ¢/oz
"Ben's Original Ready Rice Spanish Style Flavored Rice, Easy Dinner Side, 8.8 Ounce Pouch",Rice,2.18,$2.18,24.8 ¢/oz
"Tai Pei Vegetable Egg Rolls, Frozen Asian Appetizers, 24.5 oz",Packaged Appetizers,6.68,$6.68,27.3 ¢/oz
"Blake's Chicken Pot Pie, 13g Protein, Frozen Meal, 8 oz",Packaged Meals,4.12,$4.12,51.5 ¢/oz
"Chef Boyardee Overstuffed Beef Ravioli in Pasta Sauce, Ready-to-Eat Meal, 15 oz. Can",Packaged Meals,1.34,$1.34,8.9 ¢/oz
"Amy's Frozen Meals, Black Bean Enchilada Whole Meal, Gluten Free Microwave Meals, 10 oz",Packaged Meals,6.22,$6.22,62.2 ¢/oz
"Great Value Breaded Chicken Nuggets, 70 oz (Frozen)",Packaged Meals,11.93,$11.93,17.0 ¢/oz
"Amy's Frozen Meals, Three Cheese Kale Bake Bowl, Microwave Meals, 8.5 oz",Packaged Meals,6.22,$6.22,73.2 ¢/oz
"Rice-A-Roni Chicken Rice & Vermicelli Mix, 1.97 oz Cup",Packaged Meals,1.54,$1.54,77.0 ¢/oz
"Chef Boyardee Mini Spaghetti Rings and Meatballs in Tomato Sauce, Microwavable Meal, 7.5 oz. Bowl",Packaged Meals,1.42,$1.42,18.9 ¢/oz
"Giovanni Rana Fettuccine Sausage & Mushroom Premium Meal Kit Tray (Family Size, 38oz), Refrigerated",Meal Kits,14.97,$14.97,39.4 ¢/oz
"Marie Callenders Honey Roasted Turkey Breast, Frozen Meal, 13 oz (Frozen)",Packaged Meals,3.48,$3.48,26.8 ¢/oz
"Tyson White Meat Chicken Nuggets, Family Pack, 64 oz (Frozen, Fully Cooked)",Packaged Meals,12.44,$12.44,19.4 ¢/oz
"Tyson Southern Style Chicken Breast Tenderloins, 25 oz (Frozen, Fully Cooked)",Packaged Meals,6.97,$6.97,27.9 ¢/oz
"Amy's Frozen Meal, Roasted Poblano Enchilada,  Gluten Free Microwave Meal, 9.15 oz",Packaged Meals,6.22,$6.22,68.4 ¢/oz
"Amy's Frozen Meals, Country Cheddar Bowl, Microwave Meals, 9.5 oz",Packaged Meals,6.22,$6.22,65.5 ¢/oz
"Zatarain's New Orleans Style Shrimp Alfredo Frozen Meal, 36 oz",Packaged Meals,11.83,$11.83,32.9 ¢/oz
"(4 pack) Chef Boyardee Spaghetti and Meatballs in Tomato Sauce, Microwavable Meal, 7.5 oz. Bowl",Packaged Meals,5.68,$5.68,18.9 ¢/oz
"Amy's Frozen Meals, Mushroom Spinach Penne Bowl, Microwave Meals, 9 oz",Packaged Meals,6.22,$6.22,69.1 ¢/oz
"Tyson Grilled Chicken Breast Strips, 22 oz (Frozen, Fully Cooked)",Packaged Meals,7.47,$7.47,34.1 ¢/oz
"(12 pack) Maruchan Instant Lunch Chicken Flavor Ramen Noodles, 2.25 oz, 6 Count Shelf Stable Cup",Packaged Meals,5.94,$5.94,3.7 ¢/oz
"Amy's Frozen Meals, Cheese Enchilada Whole Meal, Gluten Free Microwave Meal, 9 oz",Packaged Meals,6.22,$6.22,69.1 ¢/oz
"Tyson Crispy Chicken Breast Strips, Family Pack, 40 oz (Frozen, Fully Cooked)",Packaged Meals,12.44,$12.44,$4.98/lb
"Chef Boyardee Spaghetti and Meatballs in Tomato Sauce, Microwavable Meal, 7.5 oz. Bowl",Packaged Meals,1.42,$1.42,18.9 ¢/oz
"(6 pack) HORMEL COMPLEATS Chicken Alfredo, Shelf-Stable, Packaged Meals, 16 grams Protein, 10 oz Plastic Microwaveable Tray",Packaged Meals,15.12,$15.12,25.2 ¢/oz
"Annie's Organic Bernie O's, Canned Pasta in Tomato and Cheese Sauce, 15 oz",Packaged Side Dishes,2.48,$2.48,16.5 ¢/oz
"Amy's Frozen Meals, Tortilla Casserole & Black Beans Bowl, Microwave Meals, 9.5 oz",Packaged Meals,6.22,$6.22,65.5 ¢/oz
"(4 pack) Chef Boyardee Beef Ravioli in Pasta Sauce, Microwavable Meal, 7.5 oz Bowl., 4-Count",Packaged Meals,5.68,$5.68,18.9 ¢/oz
"Chef Boyardee Lasagna in Chunky Tomato Sauce Seasoned with Meat, Microwavable Meal, 14.5 oz. Bowl",Packaged Meals,2.58,$2.58,17.8 ¢/oz
"(3 pack) DINTY MOORE Beef Stew with Potatoes and Carrots, Shelf Stable, Packaged Meals, 15 oz Steel Can",Packaged Meals,9.36,$9.36,20.8 ¢/oz
"Amy's Frozen Meals, Cheese Enchilada, Gluten Free Microwave Meals, 9 oz",Packaged Meals,6.22,$6.22,69.1 ¢/oz
"(4 pack) Chef Boyardee Rice with Chicken & Vegetables, Microwavable Meal, 7.25 oz. Bowl",Packaged Meals,5.68,$5.68,19.6 ¢/oz
"(4 pack) Chef Boyardee Beef Ravioli in Pasta Sauce, Ready-to-Eat Meal, 15 oz. Can",Packaged Meals,5.36,$5.36,8.9 ¢/oz
"(3 pack) HORMEL COMPLEATS Italian Chicken and Penne Pasta Shelf-Stable, 9 oz Plastic Microwaveable Tray",Packaged Meals,7.56,$7.56,28.0 ¢/oz
"(3 pack) Chef Boyardee Beefaroni in Tomato and Meat Sauce, Ready-to-Eat Meal, 15 oz. Can (Pack of 4)",Packaged Meals,14.64,$14.64,8.1 ¢/oz
"Yummy All Natural Dino Buddies, Dinosaur Shaped Nuggets 48 oz Fully Cooked Frozen",Packaged Appetizers,9.97,$9.97,20.8 ¢/oz
"(4 pack) Chef Boyardee Overstuffed Beef Ravioli in Pasta Sauce, Ready-to-Eat Meal, 15 oz. Can",Packaged Meals,5.36,$5.36,8.9 ¢/oz
"(4 pack) Chef Boyardee Mini ABC's and 123's with Meatballs in Tomato Sauce, Microwavable Meal, 7.5 oz. Bowl",Packaged Meals,5.68,$5.68,18.9 ¢/oz
"(3 pack) Chef Boyardee Spaghetti & Meatballs in Tomato Sauce, Ready-to-Eat Meal, 14.5 oz. Can (Pack of 4)",Packaged Meals,14.64,$14.64,8.4 ¢/oz
"(2 pack) Kitchen Table Southwest Style Chicken Bowl, Microwave Ready Family Packaged Meal, 35 oz (Fresh)",Packaged Meals,27.72,$27.72,39.6 ¢/oz
"Chef Boyardee Beef Ravioli in Pasta Sauce, Ready-to-Eat Meal, 40 oz. Can",Packaged Meals,3.44,$3.44,8.6 ¢/oz
"(4 pack) Marketside Ready to Heat BBQ Beef Brisket Burnt Ends Packaged Meal, 16 oz (Refrigerated)",Packaged Meals,51.88,$51.88,$12.97/lb
"(4 pack) Chef Boyardee Cheese Ravioli in Tomato Sauce, Ready-to-Eat Meal, 15 oz. Can",Packaged Meals,5.36,$5.36,8.9 ¢/oz
"Chef Boyardee Mini Ravioli, Beef Ravioli in Pasta Sauce, Ready-to-Eat Meal, 40 oz. Can",Packaged Meals,3.44,$3.44,8.6 ¢/oz
"(12 pack) Chef Boyardee Spaghetti and Meatballs in Tomato Sauce, Ready-to-Eat Meal, 14.5 oz. Can",Packaged Meals,16.08,$16.08,9.2 ¢/oz
"Annie's Organic Cheesy Ravioli in Tomato and Cheese Sauce, 15 oz",Packaged Side Dishes,2.48,$2.48,16.5 ¢/oz
"Quaker Yellow Enriched and Degerminated Corn Meal, 24 oz. Canister",Packaged Meals,3.28,$3.28,13.7 ¢/oz
"(3 pack) Chef Boyardee Beefaroni in Tomato and Meat Sauce, Microwavable Meal, 7.5 oz. Bowl , 4-Count",Packaged Meals,15.36,$15.36,17.1 ¢/oz
"(12 pack) Chef Boyardee Mini ABC's and 123's with Meatballs in Tomato Sauce, Ready-to-Eat Meal, 15 oz. Can",Packaged Meals,11.76,$11.76,6.5 ¢/oz
"(3 pack) Chef Boyardee Mini Ravioli, Beef Ravioli in Pasta Sauce, Microwavable Meal, 14.5 oz. Bowl",Packaged Meals,7.74,$7.74,17.8 ¢/oz
"(4 pack) Velveeta Cheesy Bowls Lasagna with Meat Sauce Microwave Meal, 9 oz Tray",Packaged Meals,13.08,$13.08,36.3 ¢/oz
"(2 pack) Sweet Sue Chicken and Dumplings, 14g Protein Per Serving, Made from Scratch Recipe, Heat and Serve Meal, Shelf Stable Can, 48 oz",Packaged Meals,9.96,$9.96,10.4 ¢/oz
"(4 pack) DINTY MOORE Beef Stew with Potatoes and Carrots, Shelf Stable, Serving Per Container 2.5, 20 oz Steel Can",Packaged Side Dishes,14.96,$14.96,18.7 ¢/oz
"(2 pack) Chef Boyardee Lasagna in Chunky Tomato Sauce Seasoned with Meat, Microwavable Meal, 14.5 oz. Bowl",Packaged Meals,5.16,$5.16,17.8 ¢/oz
"(4 pack) Chef Boyardee Mini Ravioli, Beef Ravioli in Pasta Sauce, Ready-to-Eat Meal, 40 oz. Can",Packaged Meals,13.76,$13.76,8.6 ¢/oz
"(2 pack) Chef Boyardee Mini Ravioli, Beef Ravioli in Pasta Sauce, Ready-to-Eat Meal, 15 oz. Can (Pack of 4)",Packaged Meals,9.76,$9.76,8.1 ¢/oz
"(12 pack) Chef Boyardee Mini Spaghetti Rings and Meatballs in Tomato Sauce, Microwavable Meal, 7.5 oz. Bowl",Packaged Meals,17.04,$17.04,18.9 ¢/oz
"(3 pack) Chef Boyardee Beef Ravioli in Pasta Sauce, Ready-to-Eat Meal, 15 oz. Can (Pack of 4)",Packaged Meals,14.64,$14.64,8.1 ¢/oz
"(3 pack) Chef Boyardee Beef Ravioli in Pasta Sauce, Microwavable Meal, 7.5 oz. Bowl, 4-Count",Packaged Meals,15.36,$15.36,17.1 ¢/oz
"(8 pack) Pioneer Brown Gravy Mix, 1.61 oz  Makes 2 Cups of Rich, Savory Gravy  Just Add Water for a Quick, Delicious Meal Addition",Packaged Meals,7.76,$7.76,60.2 ¢/oz
"Hillshire Farm Lit'l Smokies Smoked Sausage Links, 14 oz",Sausages & Hot Dogs,4.05,$4.05,28.9 ¢/oz
Johnsonville Smoked Beef Rope Sausage 12oz Package,Sausages & Hot Dogs,3.96,$3.96,33.0 ¢/oz
"Gallo Salame Deli Thin Sliced Italian Dry Salami, Sliced Charcuterie Meat, 7 oz",Lunch & Deli Meats,4.73,$4.73,67.6 ¢/oz
"Thin Sliced Bottom Round Beef Steak, 8 per Tray, Fresh, 0.34 - 2.0 lb",Beef,8.87,$8.87,$9.34/lb
"Pork Center Cut Loin Chops Thin Boneless, 1.0 - 2.2 lb Tray",Pork,6.67,$6.67,$4.83/lb
"Tyson White Meat Chicken Patties, 23 oz (Frozen, Fully Cooked)",Packaged Meals,6.46,$6.46,28.1 ¢/oz
"JENNIE-O Premium Seasoned Cracked Pepper Turkey Breast, Deli Sliced,  2 oz Serving, 12 g Protein per Serving, Plastic Bag",Lunch & Deli Meats,11.12,$11.12,
"Jimmy Dean Premium Pork Regular Sausage Roll, 16 oz",Sausages & Hot Dogs,4.17,$4.17,26.1 ¢/oz
"73% Lean / 27% Fat Ground Beef, 1 lb Roll, Fresh, All Natural*",Beef,5.94,$5.94,$5.94/lb
"80% Lean / 20% Fat Ground Beef Chuck, 1 lb Tray, Fresh, All Natural*",Beef,7.23,$7.23,$7.23/lb
"JENNIE-O Fresh Lean Ground Turkey Sausage, All-Natural, Minimally Processed, No Artificial Ingredients, Refrigerated, 1 lb Plastic Roll",Sausages & Hot Dogs,4.48,$4.48,$4.48/lb
Foster Farms Fresh & Natural Cage Free Whole Chicken,Chicken,6.95,$6.95,$1.54/lb
"Freshness Guaranteed Fresh Chicken Drumsticks, 5 lb Bag",Chicken,5.46,$5.46,$1.09/lb
"Lean Beef Stew Meat, Tray, Fresh, 0.75 - 1.25 lb",Beef,8.54,$8.54,$8.46/lb
"Sirloin Tender Steak, Choice Angus Beef, 3-4 per Tray, Fresh, 0.6 - 1.62 lb",Beef,13.45,$13.45,$14.94/lb
"Freshness Guaranteed Chicken Breast Tenderloins, 2.0 - 3.0 lb Tray",Chicken,10.38,$10.38,$4.12/lb
"Pork Stew Meat Boneless, 0.9 - 2.0 lb Tray",Pork,5.51,$5.51,$4.24/lb
"Freshness Guaranteed Boneless, Skinless Chicken Breasts, 4.7-6.1 lb Tray",Chicken,12.18,$12.18,$2.67/lb
"Great Value All Natural Chicken Wing Sections, 4 lb (Frozen)",Chicken,12.28,$12.28,$3.07/lb
"Beef Stew Meat, Tray, Family Pack, Fresh, 1.75 - 2.25 lb",Beef,14.85,$14.85,$7.46/lb
Foster Farms Fresh & Natural Chicken Thigh Value Pack,Chicken,8.71,$8.71,$1.87/lb
"Tyson White Meat Spicy Breaded Chicken Patties, 23 oz (Frozen, Fully Cooked)",Packaged Meals,6.46,$6.46,28.1 ¢/oz
"Freshness Guaranteed Thin-Sliced Boneless Skinless Chicken Breasts, 1.4 - 2.8 lb Tray",Chicken,9.84,$9.84,$4.92/lb
"Chuck Roast, Choice Angus Beef, Tray, Fresh, 2.25 - 3.38 lb",Beef,19.73,$19.73,$8.77/lb
"Beef Stew Meat, Tray, Fresh, 0.75 - 1.25 lb",Beef,7.8,$7.80,$7.96/lb
"Freshness Guaranteed Boneless Skinless Chicken Thighs, 2.75 - 4.0 lb Tray",Chicken,9.78,$9.78,$3.72/lb
"Great Value All Natural Boneless Skinless Chicken Breasts, 3 lb (Frozen)",Chicken,8.94,$8.94,$2.98/lb
"93% Lean / 7% Fat Lean Ground Beef, 1 lb Tray, Fresh, All Natural*",Beef,7.97,$7.97,$7.97/lb
"Pork Shoulder Butt Country Style Ribs, 2.5 - 4.0 lb, Tray",Pork,16.3,$16.30,$4.97/lb
"Tyson Crispy Chicken Breast Strips, 25 oz (Frozen, Fully Cooked)",Packaged Meals,8.47,$8.47,$5.43/lb
"Gallo Salame Pepperoni, Sliced Charcuterie Meat, 7 oz",Lunch & Deli Meats,4.73,$4.73,67.6 ¢/oz
"Fresh Pork Loin Center Cut Chops, Thin 1.25 - 2.0 lbs",Pork,5.99,$5.99,$3.63/lb
"Beef Cubed Steak, Tray, Fresh, 0.73 - 2.05 lb",Beef,8.54,$8.54,$6.83/lb
"Freshness Guaranteed Traditional Rotisserie Chicken, 36 oz (Chilled)",Chicken,3.97,$3.97,$1.76/lb
"Great Value Original Pepperoni Slices, 6 oz",Lunch & Deli Meats,2.78,$2.78,46.3 ¢/oz
"Pork Country Style Ribs Boneless, 1.1 - 2.5 lb Tray",Pork,9.84,$9.84,$5.18/lb
"Bar-S Classic Bologna Sliced Lunch Meat, 12 oz, 10 Count",Lunch & Deli Meats,1.68,$1.68,14.0 ¢/oz
"Thin Sliced Eye of Round Beef Steak, 7- 8 per Tray, Fresh, 0.56 - 1.75 lb",Beef,6.75,$6.75,$9.24/lb
"Great Value Seasoned Sirloin Beef Philly Steak, 14 oz",Beef,7.94,$7.94,56.7 ¢/oz
"Bar-S Classic Bologna Sliced Deli-Style Lunch Meat, 14 Slices per Package, 1 lb Pack",Lunch & Deli Meats,1.78,$1.78,11.1 ¢/oz
"80% Lean / 20% Fat Ground Beef Chuck, 1 lb Roll, Fresh, All Natural*",Beef,6.93,$6.93,$6.93/lb
"85% Lean / 15% Fat Angus Ground Beef Steak Burgers, 4 Count, 1.33 lb Tray, Fresh, All Natural*",Beef,9.42,$9.42,$7.08/lb
"COLUMBUS, Salami Trio, Refrigerated Sliced Charcuterie Meat, 6 grams of Protein Per 1 oz Serving, 12 oz Plastic Tray",Lunch & Deli Meats,9.98,$9.98,83.2 ¢/oz
"80% Lean / 20% Fat Ground Beef Chuck, 2.25 lb Tray, Fresh, All Natural*",Beef,14.93,$14.93,$6.64/lb
"(Hot) Freshness Guaranteed Traditional Rotisserie Whole Chicken, 2.25 lb",Chicken,5.97,$5.97,16.6 ¢/oz
"73% Lean / 27% Fat Ground Beef, 1 lb Roll, Frozen, All Natural*",Beef,5.44,$5.44,$5.44/lb
"Pork Neckbones Bone-In, 3.0 - 4.7 lb Tray",Pork,10.35,$10.35,$3.34/lb
"Beef Choice Angus Sirloin Steak Strips, 0.75 - 1.5 lb Tray",Beef,14.49,$14.49,$14.94/lb
"Pork Center Cut Loin Chops, Bone-In, 1.63 - 2.49 lb",Pork,7.08,$7.08,$3.47/lb
"Slim Jim Smoked Meat Sticks, Original Flavor, 6g Protein Per Serving, Snack Size, 0.28 oz. (26 Count)",Jerky & Dried Meats,6.73,$6.73,$14.63/lb
"Bar S Classic Fully Cooked  Franks, 8 Count, 12oz (Refrigerated)",Sausages & Hot Dogs,1,$1.00,8.3 ¢/oz
"Oscar Mayer Cotto Salami Deli Lunch Meat, 16 oz Package",Lunch & Deli Meats,2.97,$2.97,18.6 ¢/oz
"New York Strip Steak, Choice Angus Beef, 2 per Tray, 1.25 - 1.90 lb",Beef,24.1,$24.10,$16.97/lb
"Hillshire Farm Ultra Thin Honey Ham Lunchmeat, 9 oz Plastic Tub, Refrigerated",Lunch & Deli Meats,3.97,$3.97,44.1 ¢/oz
"Great Value Beef Burgers, 80% Lean/20% Fat, 3 lbs, 12 Count (Frozen)",Beef,14.47,$14.47,$4.82/lb
Great Value Sliced Hard Salami 6oz Ready to Eat,Lunch & Deli Meats,2.78,$2.78,$7.32/lb
"Pork Rib Pieces Bone-In, 2.2 - 3.7 lb Tray",Pork,9.05,$9.05,$4.48/lb
"Thin Ribeye Steak Choice Angus Beef, 2 Per Tray, 0.43 - 1.68 lb",Beef,21.59,$21.59,$23.47/lb
"Great Value All Natural Chicken Drumsticks, 4 lbs (Frozen)",Chicken,4.68,$4.68,$1.17/lb
"Beef Liver, Fresh, Sliced, 0.85 - 1.15 Lbs.",Beef,5.72,$5.72,$2.86/lb
"Hillshire Farm Ultra Thin Oven Roasted Turkey Breast Lunchmeat, 9 oz Plastic Tub, Refrigerated",Lunch & Deli Meats,3.97,$3.97,44.1 ¢/oz
"93% Lean / 7% Fat Lean Ground Beef Patties, 4 Count, 1 lb Tray, Fresh, All Natural*",Beef,8.97,$8.97,$8.97/lb
Pork Center Cut Loin Chops Thin Boneless Large,Pork,10.72,$10.72,$4.43/lb
"Beef Sirloin Tip for Milanesa, 0.85 - 1.61 lb Tray",Beef,11.84,$11.84,$9.32/lb
"Chuck Eye Beef Steak, 2 per Tray, Fresh, 0.43 - 2.05 lb",Beef,11.81,$11.81,$12.98/lb
"Freshness Guaranteed Lemon Pepper Rotisserie Chicken, 36 oz (Chilled)",Chicken,3.97,$3.97,11.0 ¢/oz
"Oscar Mayer Deli Fresh Smoked Turkey Breast, 9 oz Pack",Lunch & Deli Meats,4.17,$4.17,46.3 ¢/oz
"Beef Carne Picada, Tray, Fresh, 1.48 - 2.48 lb",Beef,13.81,$13.81,$6.87/lb
"Gallo Salame Deli Thin Sliced Italian Dry Salami, Sliced Charcuterie Meat, 15.2 oz",Lunch & Deli Meats,7.22,$7.22,47.5 ¢/oz
"Skylark Frozen Beef Liver 4 Slices, 1 lb",Beef,2.82,$2.82,$2.82/lb
"Carne Para Deshebrar Beef Steak, 1 - 2 per Tray, Fresh, 1.22 - 2.22 lb",Beef,12.96,$12.96,$8.76/lb
"Banquet Brown 'N Serve Turkey Sausage Links, Frozen Meat for Breakfast, 6.4 oz.",Sausages & Hot Dogs,1.78,$1.78,$4.45/lb
"Beef Cheek Meat, 2.55 - 3.45 lb",Beef,14.28,$14.28,$4.76/lb
"Land O'Frost Premium Sandwich Sliced Fresh Deli Lunch Meat, Honey Ham, 1 lb Resealable Pouch",Lunch & Deli Meats,5.94,$5.94,37.1 ¢/oz
"Oscar Mayer Deli Fresh Rotisserie Seasoned Chicken Breast, 9 oz Pack",Lunch & Deli Meats,4.17,$4.17,46.3 ¢/oz
"COLUMBUS Sliced Pork Prosciutto, Sliced Charcuterie Meat, Serving size 28 g, 3 oz Plastic Tray Package",Lunch & Deli Meats,5.72,$5.72,$1.91/oz
"Great Value All Natural Skin-on Chicken Thighs, 4 lb (Frozen)",Chicken,7.74,$7.74,$1.94/lb
"Thin New York Strip Steak, Choice Angus Beef, 2-3 Per Tray, 0.54-1.70lb",Beef,22.37,$22.37,$19.97/lb
"Great Value Famous Fingers, Ready to Cook Breaded Chicken Tenders, 15g Protein, Frozen, 3 lb",Chicken,12.93,$12.93,$4.31/lb
"Great Value Boneless Skinless Diced Chicken Breast, 2 lb (Frozen)",Chicken,7.56,$7.56,$3.78/lb
"Oscar Mayer Bologna Made With Chicken & Pork, Beef Added Sliced Lunch Meat, 16 oz. Pack",Lunch & Deli Meats,2.97,$2.97,18.6 ¢/oz
"Freshness Guaranteed Traditional Shredded Rotisserie Chicken Breasts, 16 oz, 18g of Protein, No Artificial Ingredients, Gluten Free (Refrigerated)",Chicken,7.24,$7.24,45.3 ¢/oz
"Chuck Beef Roast, Tray, Fresh, 2 - 2.70 lb",Beef,18.61,$18.61,$8.27/lb
"Great Value All Natural Boneless Skinless Chicken Thighs, 3 lb (Frozen)",Chicken,9.87,$9.87,$3.29/lb
"Hillshire Farm Turkey Smoked Sausage Rope, 13 oz (Refrigerated)",Sausages & Hot Dogs,3.56,$3.56,27.4 ¢/oz
"Slim Jim Smoked Meat Sticks, Original Flavor, 6g Protein Per Serving, Snack Size, 0.28 oz. (14 Count)",Jerky & Dried Meats,4.12,$4.12,$1.05/oz
"COLUMBUS Italian Dry Pork Salame, Sliced Charcuterie Meat, Refrigerated, 5 oz Plastic Pack",Lunch & Deli Meats,5.97,$5.97,$1.19/oz
"Del Duca, Dry Cured Prosciutto, Sliced Pork Deli Charcuterie Meat, 6 oz Plastic Tray, Serving Size 1 oz, 9 Grams of Protein per Serving",Lunch & Deli Meats,7.94,$7.94,$1.32/oz
"Freshness Guaranteed Fajita Seasoned Grilled Chicken Breasts, 16 oz, 20g of Protein, No Artificial Ingredients, Gluten Free (Refrigerated)",Chicken,7.74,$7.74,48.4 ¢/oz
"Beef Choice Angus Strip Steak for Shabu-Shabu, 0.86 - 1.45 lb",Beef,18.59,$18.59,$18.97/lb
"73% Lean / 27% Fat Ground Beef, 5 lb Roll, Fresh, All Natural*",Beef,26.43,$26.43,$5.29/lb
"Chuck Roast, Choice Angus Beef, Fresh, 1.6 - 2.85 lb.",Beef,15.68,$15.68,$6.97/lb
Foster Farms Fresh & Natural Cage Free Fresh Chicken Picnic pack - Thighs & Drums,Chicken,6.36,$6.36,$1.86/lb
"Bar-S Thick Bologna Sliced Deli-Style Lunch Meat, 8 Slices per Package, 1 lb Pack",Lunch & Deli Meats,1.78,$1.78,$1.78/lb
"Smithfield All Natural Boneless Pork Shoulder Butt Roast, 2.4 - 5.0 lb, 20 g of protein per 4 oz serving",Pork,17.88,$17.88,$4.47/lb
"Armour Chicken & Pork Potted Meat, 10g Protein Per Serving, 3 oz Can",Canned & Jarred Meats,0.86,$0.86,28.7 ¢/oz
"Pork Assorted Loin Chops Thin Bone-In, 2.0 - 3.8 lb Tray",Pork,9.53,$9.53,$3.53/lb
"Fresh Chicken Leg Quarters, 4.25-6 lb Tray",Chicken,6.67,$6.67,$1.57/lb
"Great Value Turkey Pepperoni Slices, 5 oz",Lunch & Deli Meats,2.92,$2.92,$9.42/lb
"SPAM Classic Canned Meats, 7 G of Protein per Serving, Shelf-Stable, 12 oz Aluminum Can",Canned & Jarred Meats,4.14,$4.14,34.5 ¢/oz
"Land O' Frost Premium Meat, Sandwich Sliced Deli Lunch Meat, Black Forest Ham, 1 lb",Lunch & Deli Meats,5.94,$5.94,37.1 ¢/oz
"Carl Buddig Chicken Lunchmeat 2 oz (56g) Pouch, 9 Grams of Protein per Serving, Refrigerated",Lunch & Deli Meats,0.83,$0.83,$6.39/lb
"Top Sirloin Steak, Choice Angus Beef, 4 or 6 per Tray, Family Pack, Fresh",Beef,19.9,$19.90,$12.44/lb
"Great Value Original Snack Meat Sticks, 3.92 oz, 14 Count",Jerky & Dried Meats,3.34,$3.34,85.6 ¢/oz
"Oscar Mayer Sub Kit with Extra Lean Smoked Ham & Extra Lean Smoked Turkey Breast Sliced Deli Lunch Meat, 28 oz Package",Lunch & Deli Meats,9.88,$9.88,35.3 ¢/oz
"Beef Choice Angus Tri Tip Steak, 1.0 - 1.91 lb Tray",Beef,14.69,$14.69,$10.72/lb
"Bar-S Classic Smoked Sausage, 14 Count, 40oz",Sausages & Hot Dogs,5.84,$5.84,$2.34/lb
"Dietz & Watson Italian Charcuterie Pack, Pre-sliced, 8 oz Plastic Resealable Package",Lunch & Deli Meats,8.97,$8.97,$1.12/oz
"Beef Tri Tip Roast, 1.52 - 2.73 lb Tray",Beef,24.11,$24.11,$9.72/lb
"Great Value Ready to Cook Popcorn Chicken, 11g Protein, Frozen, 3 lb",Chicken,9.86,$9.86,20.5 ¢/oz
"Tyson All Natural Premium Chicken Cornish Hen twin pack, 3.25 lb (Frozen)",Chicken,10.54,$10.54,$3.19/lb
"Pork Loin Country Style Ribs, Bone-In, 2.3 - 3.8 lb, Tray",Pork,11.54,$11.54,$5.13/lb
"Flanken Style Beef Ribs, Thin Cut, Bone-in, 5 per Tray, Fresh, 1.35 - 1.9 lb",Beef,16.54,$16.54,$10.34/lb
"Slim Jim Smoked Meat Sticks, Mild Flavor, 6g Protein Per Serving, Snack Size, 0.28 oz. (14 Count)",Jerky & Dried Meats,4.12,$4.12,$1.06/oz
"Land O'Frost Premium Sandwich Sliced Fresh Deli Lunch Meat, Oven Roasted Turkey Breast, 1 lb Resealable Pouch",Lunch & Deli Meats,5.94,$5.94,$5.94/lb
"Prospect Farms Chicken Rock Cornish Hen, 1 lb (Frozen)",Chicken,3.93,$3.93,$3.93/lb
"Land O'Frost Premium Sandwich Sliced Deli Lunch Meat, Honey Smoked Turkey Breast, 1 lb Resealable Pouch",Lunch & Deli Meats,5.94,$5.94,37.1 ¢/oz
"Great Value Less Salt Luncheon Meat, High Protein, 12oz Aluminum Can",Canned & Jarred Meats,2,$2.00,16.7 ¢/oz
"Oscar Mayer Oven Roasted White Sliced Turkey Deli Lunch Meat, 16 oz Package",Lunch & Deli Meats,3.97,$3.97,24.8 ¢/oz
"96% Lean / 4% Fat Extra Lean Ground Beef, 2.25 lb Tray, Fresh, All Natural*",Beef,19.96,$19.96,$8.87/lb
"Prima Della Hard Salami, Pre-Sliced",Lunch & Deli Meats,4.59,$4.59,$9.18/lb
"Soules Kitchen, Gluten-Free, No Hormones, Artfully Seasoned, Thinly Sliced Beef Strips, Frozen, 12 oz",Beef,12.42,$12.42,$1.04/oz
"Bar-S Deli Style Smoked Ham Lunch Meat, 16 oz",Lunch & Deli Meats,4.22,$4.22,$4.22/lb
"Frick's Quality Meats, Pork, Boneless, Ham Steak, 0.8-1.73 lb, 11g of Protein per 2 oz Serving, Gluten Free",Pork,4.33,$4.33,$5.70/lb
"Hillshire Farm Ultra Thin Black Forest Ham Lunchmeat, 9 oz Plastic Tub, Refrigerated",Lunch & Deli Meats,3.97,$3.97,44.1 ¢/oz
"Great Value Thin-Sliced Sandwich-Style Pepperoni, 7 oz",Lunch & Deli Meats,4.42,$4.42,63.1 ¢/oz
"HORMEL Pepperoni, Pizza Topping,Gluten Free, Original, Refrigerated, 6 oz Plastic Resealable Package",Lunch & Deli Meats,4.46,$4.46,74.3 ¢/oz
"Great Value All Natural Chicken Breast Tenderloins, 3 lb (Frozen)",Chicken,10.84,$10.84,$3.61/lb
"Hillshire Farm Ultra Thin Sliced Oven Roasted Turkey Breast and Honey Ham Lunchmeat, 16 oz Variety Pack Plastic Tub, Refrigerated",Lunch & Deli Meats,6.27,$6.27,39.2 ¢/oz
"Great Value Original Luncheon Meat, 12 oz Easy Open Can",Canned & Jarred Meats,2,$2.00,16.7 ¢/oz
"Chuck Beef Short Ribs, Bone-in, 3 - 4 per Tray, Fresh, 1.1 - 2.1 lb",Beef,15.91,$15.91,$8.84/lb
"Top Round Beef for Milanesa, 8 per Tray, Fresh, 0.95 - 1.9 lb",Beef,13.88,$13.88,$9.44/lb
"Gallo Salame All Natural Italian Dry Uncured Salami, Sliced Charcuterie Meat, 6 oz",Lunch & Deli Meats,4.73,$4.73,$12.45/lb
"Del Duca, Uncured Pork Variety Pack, Spicy Deli Charcuterie Meat, 6 oz Plastic Tray, Serving Size 1 oz, Minimum of 6 Grams or Protein per Serving",Lunch & Deli Meats,7.94,$7.94,$20.90/lb
"(Hot) Freshness Guaranteed Lemon Pepper Rotisserie Whole Chicken, 2.25 lb",Chicken,5.97,$5.97,16.6 ¢/oz
"Slim Jim Smoked Meat Sticks, Mild Flavor, 6g Protein Per Serving, Snack Size, 0.28 oz. (26 Count)",Jerky & Dried Meats,6.73,$6.73,92.2 ¢/oz
"Oscar Mayer Chopped Ham & Water product Deli Lunch Meat, 16 oz Package",Lunch & Deli Meats,3.97,$3.97,24.8 ¢/oz
"Land O'Frost Premium Sandwich Sliced Fresh Deli Lunch Meat, Oven Roasted Chicken Breast, 1 lb Resealable Pouch",Lunch & Deli Meats,5.94,$5.94,37.1 ¢/oz
"Great Value 100% Pure Beef Burgers, 85% Lean/15% Fat, 3 lbs, 12 Count (Frozen)",Beef,14.97,$14.97,$4.99/lb
"Chuck Beef Tender Roast, Tray, Fresh, 1.62 - 3.73 lb",Beef,18.57,$18.57,$8.76/lb
"Great Value Potted Meat, 3 oz",Canned & Jarred Meats,0.66,$0.66,22.0 ¢/oz
"Great Value All Natural Boneless Skinless Chicken Breasts, 5 lb (Frozen)",Chicken,13.87,$13.87,$2.77/lb
"Extra Value Quarter Pound Beef Patties, 20 Count, 4oz Patties, 5lb, Dairy-Free, (Frozen)",Beef,9.97,$9.97,$1.99/lb
"London Broil Steak, Choice Angus Beef, 1 per Tray, Fresh, 1.06 - 2.39 lb",Beef,15.25,$15.25,$7.74/lb
"Oscar Mayer Deli Fresh Honey Smoked Turkey Breast, 9 oz Pack",Lunch & Deli Meats,4.17,$4.17,$7.45/lb
"Tyson White Meat Chicken Nuggets, 29 oz (Frozen, Fully Cooked)",Packaged Meals,6.46,$6.46,22.3 ¢/oz
"Foster Farms Fresh Young Whole Chicken - Twin Pack, 21g Protein per 4 oz Serving, 10.0 - 12 lb Bag",Chicken,12.1,$12.10,$1.42/lb
"Libby's Corned Beef, 14g Protein Per Serving, Canned Meat, 12 oz. Can",Canned & Jarred Meats,6.24,$6.24,52.0 ¢/oz
"Great Value 100% Pure Beef Burgers, 75% Lean/25% Fat, 3 lbs, 12 Count (Frozen)",Beef,13.97,$13.97,$4.66/lb
"Hillshire Farm Ultra Thin Sliced Honey Roasted Turkey Breast Lunchmeat, 9 oz Plastic Tub, Refrigerated",Lunch & Deli Meats,3.97,$3.97,44.1 ¢/oz
"Sara Lee Premium Meats Gluten Free Honey Ham, Deli Sliced",Lunch & Deli Meats,8.47,$8.47,
"Extra Thin Shaved Chuck Beef Steak, 8 per Tray, Fresh, 0.79 - 2.1 lb",Beef,15.75,$15.75,$10.36/lb
"Hillshire Farm Ultra Thin Sliced Pastrami Lunchmeat, 7 oz Plastic Tub, Refrigerated",Lunch & Deli Meats,4.56,$4.56,65.1 ¢/oz
"Oscar Mayer Super Thick Cut Bologna Sliced Lunch Meat, 16 oz. Pack",Lunch & Deli Meats,2.97,$2.97,18.6 ¢/oz
"Gallo Salame Deli Thin Sliced Light Italian Dry Salami, Sliced Charcuterie Meat, 7 oz",Lunch & Deli Meats,4.73,$4.73,67.6 ¢/oz
"Prima Della Pepperoni, Pre-Sliced",Lunch & Deli Meats,4.47,$4.47,$8.94/lb
"Applegate, Natural Uncured Genoa Salami Sliced Pork, 4oz, Resealable Package, Ready to Eat, Slices, Refrigerate after opening.",Lunch & Deli Meats,5.67,$5.67,$22.68/lb
"Land O'Frost Premium Sandwich Sliced Deli Lunch Meat, Hickory Smoked Turkey Breast, 1 lb Resealable Pouch",Lunch & Deli Meats,5.94,$5.94,$5.94/lb
"SPAM 25% Less Sodium, Canned Meats, 7 Grams of Protein, Shelf-Stable, 12 oz Aluminum Can",Canned & Jarred Meats,4.14,$4.14,$5.52/lb
"Great Value Hard Salami Lunchmeat, 7 oz, Re-Sealable Plastic Container, 5 g of Protein per 1 oz Serving",Lunch & Deli Meats,4.38,$4.38,62.6 ¢/oz
"Marketside Antibiotic-Free Boneless Skinless Chicken Thighs, 1.3 - 1.9 lb (Raw)",Chicken,6.25,$6.25,$4.37/lb
"Oscar Mayer Beef Bologna Sliced Lunch Meat, 8 oz. Pack",Lunch & Deli Meats,5.97,$5.97,74.6 ¢/oz
"Hormel Natural Choice Sliced Ham Deli Meat, Deli Ham, Refrigerated, 8 oz Resealable Plastic Package",Lunch & Deli Meats,4.97,$4.97,62.1 ¢/oz
"Marketside Organic Grass-Fed Ground Beef, 85% Lean/15% Fat, 1 lb",Beef,6.72,$6.72,$6.72/lb
"93% Lean / 7% Fat Lean Ground Beef, 3 lb Roll, Fresh, All Natural*",Beef,22.97,$22.97,$7.66/lb
"HORMEL, Natural Choice, Applewood Smoked Turkey, Sliced, Refrigerated 8 oz Paper Box",Lunch & Deli Meats,4.97,$4.97,62.1 ¢/oz
"Top Round Beef for Milanesa, 16 per Tray, Family Pack, Fresh, 1.9 - 3.8 lb",Beef,26.73,$26.73,$8.94/lb
"HORMEL NATURAL CHOICE Turkey Deli Meat, Gluten Free Lunch meat, Refrigerated, 8oz Resealable Package",Lunch & Deli Meats,4.97,$4.97,62.1 ¢/oz
"Hillshire Farm Ultra Thin Sliced Hard Salami Lunchmeat, 7 oz Plastic Tub, Refrigerated",Lunch & Deli Meats,4.56,$4.56,65.1 ¢/oz
"Wunderbar German Brand Beef Bologna, Deli Sliced",Lunch & Deli Meats,6.98,$6.98,
"Gallo Salame All Natural Uncured Pepperoni, Sliced Charcuterie Meat, 6 oz",Lunch & Deli Meats,4.73,$4.73,78.8 ¢/oz
"HORMEL Turkey Pepperoni, Pizza Topping, Gluten Free, Refrigerated, 5 oz Package",Lunch & Deli Meats,4.46,$4.46,89.2 ¢/oz
"Skylark Sliced Calf Liver 4 Pieces, 16 oz",Beef,3.68,$3.68,$3.68/lb
"Beef Choice Angus Rump Roast, 2.25 - 3.10 lb Tray",Beef,17.35,$17.35,$6.94/lb
"Hillshire Farm Ultra Thin Sliced Roast Beef Lunchmeat, 7 oz Plastic Tub, Refrigerated",Lunch & Deli Meats,4.56,$4.56,$10.36/lb
"Oscar Mayer Thick Cut Beef Bologna Sliced Lunch Meat, 16 oz. Pack",Lunch & Deli Meats,7.88,$7.88,49.3 ¢/oz
"Gallo Salame Deli Thin Sliced Peppered Salami, Sliced Charcuterie Meat, 6 oz",Lunch & Deli Meats,4.73,$4.73,$12.45/lb
"Carl Buddig, Turkey Lunchmeat  2 oz Plastic Pouch, Refrigerated",Lunch & Deli Meats,0.83,$0.83,41.5 ¢/oz
"Gallo Salame Pepperoni, Sliced Charcuterie Meat, 15.2 oz",Lunch & Deli Meats,6.26,$6.26,$6.59/lb
"Great Value Mesquite Smoked Turkey Breast Lunchmeat, 9 oz Plastic Tub",Lunch & Deli Meats,3.57,$3.57,39.7 ¢/oz
"Great Value Bone-in Ham Steak, Hardwood Smoked, 1 Pack",Pork,6.3,$6.30,$4.20/lb
"Sara Lee Premium Meats Gluten Free Maple Honey Coated Turkey, Deli Sliced",Lunch & Deli Meats,6.54,$6.54,54.5 ¢/oz
"Hillshire Farm Ultra Thin Rotisserie Seasoned Chicken Breast Lunchmeat, 9 oz Plastic Tub, Refrigerated",Lunch & Deli Meats,3.97,$3.97,$7.09/lb
"HORMEL NATURAL CHOICE Deli Meat, Oven Roasted Turkey, Refrigerated, 7 oz Plastic Resealable Package (Pack of 2)",Lunch & Deli Meats,7.83,$7.83,55.9 ¢/oz
"Smithfield Prime Fresh Oven Roasted Turkey Breast Lunch Meat, 14 oz",Lunch & Deli Meats,6.48,$6.48,46.3 ¢/oz
"Ribeye Steak, Prime Beef, 2 Per Tray, 1.45 - 2.5 lb",Beef,42.24,$42.24,$22.47/lb
"Great Value All Natural Chicken Wing Sections, 8 lb (Frozen)",Chicken,19.94,$19.94,$2.49/lb
"Sara Lee Premium Meats Gluten Free Honey Roasted Turkey Breast, Deli Sliced",Lunch & Deli Meats,9.94,$9.94,
"Great Value Chunk Chicken Breast, 12.5 oz Can (4 Pack)",Canned & Jarred Poultry,8.97,$8.97,17.9 ¢/oz
"Hillshire Farm Ultra Thin Black Forest Ham Lunchmeat, 16 oz Plastic Tub, Refrigerated",Lunch & Deli Meats,6.27,$6.27,39.2 ¢/oz
"Beef Oxtails, 1.788- 2.713lb",Beef,18.86,$18.86,$9.43/lb
"Top Sirloin Steak Choice Angus Beef, 1 per Tray, Fresh, 0.65 - 1.42 lb",Beef,14.23,$14.23,$12.94/lb
"Sara Lee Premium Meats Gluten Free Black Forest Ham, Deli Sliced",Lunch & Deli Meats,8.47,$8.47,
"Great Value 100% Pure Beef Burgers, 75% Lean/25% Fat, 8 lbs, 32 Count",Beef,34.97,$34.97,$4.37/lb
"Marketside Antibiotic-Free Boneless Skinless Whole Chicken Thighs, 2.75 - 3.45 lb Tray (Raw)",Chicken,11.77,$11.77,$4.22/lb
"Great Value Chunk Chicken Breast with Rib Meat in Water, 5 oz Can",Canned & Jarred Poultry,1.24,$1.24,24.8 ¢/oz
"Applegate Naturals, Oven Roasted Turkey Breast Sliced, 50 Cal, 7oz Tray (Refrigerated)",Lunch & Deli Meats,6.24,$6.24,89.1 ¢/oz
"Oscar Mayer Deli Fresh Mesquite Smoked Turkey Breast, 16 oz Family Pack",Lunch & Deli Meats,6.58,$6.58,41.1 ¢/oz
"Marketside Natural Sliced Oven Roasted Turkey, 8 oz",Lunch & Deli Meats,5.97,$5.97,74.6 ¢/oz
"Great Value Original Pepperoni Mega Pack, 21 Oz.",Lunch & Deli Meats,9.24,$9.24,44.0 ¢/oz
"Gallo Salame Deli Thin Sliced Light Italian Dry Salami, Sliced Charcuterie Meat, 15.2 oz",Lunch & Deli Meats,7.22,$7.22,47.5 ¢/oz
"Hillshire Farm Premium Carved Sliced Oven Roasted Turkey Breast Lunchmeat, 11 oz Plastic Tub, Refrigerated",Lunch & Deli Meats,7.74,$7.74,70.4 ¢/oz
"Great Value Thin Sliced Smoked Ham Lunchmeat, 9 oz, Plastic Tub",Lunch & Deli Meats,3.57,$3.57,39.7 ¢/oz
"Prima Della Cracked Pepper Turkey Breast, Deli-Sliced",Lunch & Deli Meats,10.86,$10.86,
"Hillshire Farm Ultra Thin Roast Beef Lunchmeat, 13 oz Plastic Tub, Refrigerated",Lunch & Deli Meats,7.54,$7.54,58.0 ¢/oz
"Oscar Mayer Carving Board Oven Roasted Turkey Breast Sliced Deli Meat, 7.5 oz Pack",Lunch & Deli Meats,4.24,$4.24,56.5 ¢/oz
"Prima Della Cajun Turkey Breast, Pre-Sliced",Lunch & Deli Meats,5.43,$5.43,$10.86/lb
"Prima Della Cracked Pepper Turkey Breast, Pre-Sliced",Lunch & Deli Meats,5.43,$5.43,$10.86/lb
"Great Value Honey Ham Lunchmeat Plastic Tub, 9 oz",Lunch & Deli Meats,3.57,$3.57,39.7 ¢/oz
"Oscar Mayer Deli Fresh Honey Uncured Ham, 9 oz Pack",Lunch & Deli Meats,4.17,$4.17,46.3 ¢/oz
"Colorado Premium's Fresh Corned Beef Brisket Flat, 2.0- 4.25 lb",Beef,17.96,$17.96,$6.28/lb
"Bottom Round Beef for Sabana De Res, 8 per Tray, Fresh, 0.77 - 1.5 lb",Beef,13.54,$13.54,$9.74/lb
"Marketside Cheddar & Bacon Angus Beef 1/3 lb Patties, 6 Count, 2 lb (Frozen)",Beef,10.97,$10.97,$5.49/lb
"Oscar Mayer Deli Fresh Honey Smoked Turkey Breast, 16 oz Family Pack",Lunch & Deli Meats,6.58,$6.58,41.1 ¢/oz
"Greenfield ABF Smoked Uncured Sliced Pork Ham, 1.0-1.6 lbs, Serving Size 56g, 10g Protein, Gluten-Free",Pork,7.92,$7.92,$4.98/lb
"SPAM with Real HORMEL Bacon, 12 oz Aluminum Can, Canned Meats, 7 G Protein per Serving",Canned & Jarred Meats,4.14,$4.14,34.5 ¢/oz
"Bar-S Beef Bologna Sliced Deli-Style Lunch Meat, 14 Count, 1 lb",Lunch & Deli Meats,5.86,$5.86,$5.86/lb
"73% Lean / 27% Fat Ground Beef, 1 lb Tray, Fresh, All Natural*",Beef,6.44,$6.44,$6.44/lb
Prima Della Honey Ham Pre-Sliced,Lunch & Deli Meats,4.47,$4.47,$8.94/lb
"New York Strip Steak, Choice Angus Beef, 3 Per Tray, Family Pack, 1.53 - 3.33 lb",Beef,37.13,$37.13,$15.47/lb
"Jack Links x MrBeast Original Beef Sticks, 9.2 Ounce, 10 pack of .92 Ounce meat sticks",Jerky & Dried Meats,10.98,$10.98,$1.19/oz
"Beef Sizzle Steak, 8 per Tray, Fresh, 0.6 - 1.55 lb",Beef,11.54,$11.54,$9.86/lb
"Smithfield Prime Fresh Hard Salami, 14oz",Lunch & Deli Meats,6.48,$6.48,46.3 ¢/oz
"Applegate Natural Uncured Pork & Beef Pepperoni, Refrigerated, 4 oz Plastic Resealable Bag",Lunch & Deli Meats,4.96,$4.96,$19.84/lb
"COLUMBUS, Peppered Salami, Sliced Charcuterie Meat, 10oz Pack",Lunch & Deli Meats,9.42,$9.42,$14.95/lb
"HORMEL Pepperoni Minis, Pizza Topping,Gluten Free, Refrigerated, 5 oz Plastic Package",Lunch & Deli Meats,4.92,$4.92,98.4 ¢/oz
"Great Value, Turkey Breast, 32 oz, Deli - Sliced",Lunch & Deli Meats,10.42,$10.42,32.6 ¢/oz
"Margherita Sliced Hard Salami, 16 oz",Lunch & Deli Meats,8.42,$8.42,$8.42/lb
"Marketside 100% Angus Beef Burgers, 6 Count, 2 lb (Frozen)",Beef,10.97,$10.97,$5.49/lb
"Great Value Chicken Breast Patties Breaded, 23.8 oz (Frozen)",Packaged Meals,5.74,$5.74,24.1 ¢/oz
"Oscar Mayer Honey Chopped Ham Sliced Lunch Meat, 16 oz. Pack",Lunch & Deli Meats,3.97,$3.97,24.8 ¢/oz
"Great Value Honey Turkey Breast Lunchmeat, 9 oz, Plastic Tub",Lunch & Deli Meats,3.57,$3.57,39.7 ¢/oz
"Chuck Roast, Choice Angus Beef, Tray, Family Pack, Fresh, 3.25 - 4.25 lb",Beef,30.92,$30.92,$8.47/lb
"Carl Buddig  Original Honey Ham Lunchmeat 2oz (56 gram) Plastic Pouch, 9 Grams of Protein per Serving, Refrigerated",Lunch & Deli Meats,0.78,$0.78,39.0 ¢/oz
"Oscar Mayer Deli Fresh Oven Roasted Turkey Breast, 9 oz Pack",Lunch & Deli Meats,4.17,$4.17,$7.45/lb
"Great Value Black Forest Ham Lunchmeat, 9 oz Plastic Tub, 10 Grams of Protein Per 2oz Serving",Lunch & Deli Meats,3.57,$3.57,39.7 ¢/oz
"HORMEL Beef - Pork Pepperoni, Pizza Topping,Refrigerated, 21 oz Resealable Plastic Package",Lunch & Deli Meats,11.64,$11.64,55.4 ¢/oz
"Great Value Mesquite Smoked Turkey Breast Lunchmeat, 16 oz, Plastic Tub",Lunch & Deli Meats,5.97,$5.97,37.3 ¢/oz
"Great Value Light Luncheon Meat, 12 oz Aluminum Can",Canned & Jarred Meats,2,$2.00,$2.67/lb
"Great Value Fat-Free Turkey Breast, 16 oz Bag",Lunch & Deli Meats,5.46,$5.46,34.1 ¢/oz
"Great Value Black Forest Ham, 16 oz",Lunch & Deli Meats,4.12,$4.12,25.8 ¢/oz
"Dietz & Watson Sliced Genoa Salami, 6 oz Plastic Resealable Package",Lunch & Deli Meats,4.78,$4.78,$12.58/lb
"Hillshire Farm Ultra Thin Honey Ham Lunchmeat, 16 oz Plastic Tub, Refrigerated",Lunch & Deli Meats,6.27,$6.27,39.2 ¢/oz
"Farmer John Classic Cooked Ham, 12 oz",Lunch & Deli Meats,3.64,$3.64,30.3 ¢/oz
"Beef Inside Skirt Steak, 1 Per Tray, 0.89 - 1.86 lb.",Beef,17.51,$17.51,$12.42/lb
"Flank Steak, Choice Angus Beef, 1 per Tray, Fresh, 1.34 - 2.28 lb",Beef,21.44,$21.44,$12.32/lb
"Ribeye Steak, Choice Angus Beef, 3 Per Tray, Family Pack, 2.26 - 3.50 lb",Beef,54.32,$54.32,$19.97/lb
"Prima Della Honey Turkey Breast, Pre-Sliced",Lunch & Deli Meats,6.52,$6.52,$10.86/lb
"Great Value Cooked Ham, 16 oz",Lunch & Deli Meats,4.97,$4.97,31.1 ¢/oz
"Marketside Natural Juice Bone-in Spiral Cut Brown Sugar Double Glazed Ham, Pork, 8 - 14.6 lb",Pork,24.8,$24.80,$2.48/lb
"Hillshire Farm Ultra Thin Sliced Smoked Ham Lunchmeat, 16 oz Family Size Plastic Tub, Refrigerated",Lunch & Deli Meats,6.27,$6.27,39.2 ¢/oz
"Carl Buddig Gluten Free Beef Lunchmeat, Plastic Pouch, 2 oz, Refrigerated",Lunch & Deli Meats,0.83,$0.83,41.5 ¢/oz
"Smithfield Prime Fresh Smoked Ham Lunch Meat, 16 oz",Lunch & Deli Meats,6.48,$6.48,40.5 ¢/oz
"Prima Della Honey Maple Turkey Breast, Deli-Sliced",Lunch & Deli Meats,10.86,$10.86,
"93% Lean / 7% Fat Lean Ground Beef, 1 lb Roll, Fresh, All Natural*",Beef,7.87,$7.87,$7.87/lb
"Eckrich Deli Ham Off the Bone, Deli Sliced",Lunch & Deli Meats,5.94,$5.94,
"Great Value Thin Sliced Honey Ham Lunchmeat, Family Pack, 16 oz Plastic Tub, 10 g of Protein per 2 oz Serving",Lunch & Deli Meats,5.97,$5.97,$5.97/lb
"Prima Della Low Sodium Turkey Breast, Deli-Sliced",Lunch & Deli Meats,10.86,$10.86,
"Oscar Mayer Deli Fresh Rotisserie Seasoned Chicken Breast, 16 oz Family Pack",Lunch & Deli Meats,6.27,$6.27,$6.27/lb
"Great Value Oven Roasted Turkey Breast Lunchmeat, 16 oz, Plastic Tub, Refrigerated",Lunch & Deli Meats,5.97,$5.97,37.3 ¢/oz
"Great Value Oven Roasted Turkey Breast Lunchmeat, 9 oz",Lunch & Deli Meats,3.57,$3.57,39.7 ¢/oz
"93% Lean / 7% Fat Lean Ground Beef, 2.25 lb Tray, Fresh, All Natural*",Beef,17.47,$17.47,$7.76/lb
"Filet Mignon Steak, Choice Angus Beef, 1 Steak per Tray, Fresh, 0.45 - 0.9 lb",Beef,15.49,$15.49,$25.82/lb
"80% Lean / 20% Fat Ground Beef Chuck, 4.5 lb Tray, Fresh, All Natural*",Beef,26.93,$26.93,$5.98/lb
"Ribeye Steak, Choice Angus Beef, 2 Per Tray, 1.50 - 2.65 lb",Beef,36.07,$36.07,$20.97/lb
"Meaty Beef Back Ribs, Bone-in, 6 per Tray, Fresh, 1.0 - 2.0 lb",Beef,16.53,$16.53,$8.84/lb
"Hillshire Farm Ultra Thin Sliced Oven Roasted Turkey Breast Lunchmeat, 22 oz Plastic Tub, Refrigerated",Lunch & Deli Meats,8.54,$8.54,38.8 ¢/oz
"Prima Della Honey Ham, Deli-Sliced",Lunch & Deli Meats,8.94,$8.94,
"Tri Tip Roast, Choice Angus Beef, 1 per Tray, Fresh, 1.6 - 2.8 lb",Beef,24.53,$24.53,$10.22/lb
"Marketside Wagyu Beef Ribeye Steak, 0.48 - 0.78 lb",Beef,20.15,$20.15,$27.98/lb
"Prime Rib Roast, Choice Angus Beef, Boneless, 1 per Package, 4.0 - 10.0 lb",Beef,94.13,$94.13,$14.87/lb
"New York Strip Steak, Choice Angus Beef, 1 per Package, Fresh, 0.6 - 1.5 lb",Beef,12.48,$12.48,$13.87/lb
"Prima Della Hickory Smoked Turkey Breast, Deli-Sliced",Lunch & Deli Meats,10.86,$10.86,
"Oscar Mayer Carving Board Slow Cooked Ham Sliced Deli Meat, 7.5 oz Pack",Lunch & Deli Meats,4.24,$4.24,56.5 ¢/oz
"Oscar Mayer Lean Smoked White Turkey Sliced Lunch Meat, 16 oz. Pack",Lunch & Deli Meats,3.97,$3.97,$3.97/lb
"Soules Kitchen Chicken Breast Fajita Strips, Frozen, Fully Cooked, 16 oz, 18g Protein per Serving",Chicken,7.83,$7.83,48.9 ¢/oz
"Slim Jim Savage Smoked Meat Sticks, Original Flavor, High Protein, 3.0 oz.",Jerky & Dried Meats,2.98,$2.98,99.3 ¢/oz
"Tyson Stuffed Chicken Breasts Cordon Bleu, 2 Count (Frozen)",Chicken,3.92,$3.92,$6.53/lb
"Smithfield Prime Fresh Black Forest Ham, Deli Sliced Ham, 16 oz",Lunch & Deli Meats,6.48,$6.48,40.5 ¢/oz
"Oscar Mayer Lean Smoked Ham Deli Lunch Meat with Water Added, 16 oz Package",Lunch & Deli Meats,7.48,$7.48,46.8 ¢/oz
"Oscar Mayer Deli Fresh Mesquite Smoked Turkey Breast, 8 oz Pack",Lunch & Deli Meats,4.17,$4.17,52.1 ¢/oz
FUD Sliced Selecto Ham 12 oz Resealable Refrigerated Packaging,Lunch & Deli Meats,4.32,$4.32,36.0 ¢/oz
"Margherita Pre-Sliced Deli Genoa Salami, Pre-Cut Sandwich Meat, 16 oz",Sausages & Hot Dogs,8.42,$8.42,52.6 ¢/oz
"Ribeye Steak, Choice Angus Beef, 1 per Package, Fresh, 0.9 - 1.6 lb",Beef,16.36,$16.36,$14.87/lb
"Buddig Original Lunchmeat Sliced Turkey big Pack Plastic Pouch, 16 oz, 8g of Protein per Serving, Refrigerated",Lunch & Deli Meats,5.16,$5.16,32.3 ¢/oz
"Beef Tri Tip Roast, 2.04 - 3.04 lb Tray",Beef,23.86,$23.86,$10.42/lb
"COLUMBUS Peppered Salame, Charcuterie Meat, 8 oz Stick",Lunch & Deli Meats,7.97,$7.97,99.6 ¢/oz
"73% Lean / 27% Fat Ground Beef, 2.25 lb Tray, Fresh, All Natural*",Beef,13.84,$13.84,$6.15/lb
"Hillshire Farm Ultra Thin Sliced Honey Roasted Turkey Breast Lunchmeat, 16 oz Plastic Tub, Refrigerated",Lunch & Deli Meats,6.27,$6.27,39.2 ¢/oz
"Marketside Organic Grass-Fed Ground Beef, 93% Lean/7% Fat, 1 lb",Beef,7.97,$7.97,$7.97/lb
"Ribeye Beef Steak, 2 per Tray, Fresh, 1.12 - 2.0 lb",Beef,34.35,$34.35,$19.97/lb
"Great Value Chunk Chicken Breast, 12.5 oz, Can, (2 Pack)",Canned & Jarred Poultry,5.22,$5.22,20.9 ¢/oz
"Marketside Organic Grass-Fed Ground Beef, 93% Lean/ 7% Fat, 1 lb, 3 Count",Beef,22.67,$22.67,$7.56/lb
"Dietz & Watson Hard Salami, Pre-Sliced, 7 oz Plastic Resealable Package",Lunch & Deli Meats,4.94,$4.94,$11.23/lb
"T-Bone Steak, Choice Angus Beef, 2 Bone-In Steaks per Tray, Family Pack, Fresh, 2.0 - 4.25 lb",Beef,34.11,$34.11,$11.97/lb
"Hillshire Farm Ultra Thin Oven Roasted Turkey Breast Lunchmeat, 16 oz Plastic Tub, Refrigerated",Lunch & Deli Meats,6.27,$6.27,$6.27/lb
Eckrich Cherrywood Ham,Lunch & Deli Meats,5.94,$5.94,
"Great Value Sliced Cooked Ham, 32 oz",Lunch & Deli Meats,9.42,$9.42,29.4 ¢/oz
"Great Value Thin Sliced Black Forest Ham Lunchmeat, Family Pack, 1 lb, Resealable Plastic Tub, 10 g of Protein per 2 oz Serving",Lunch & Deli Meats,5.97,$5.97,37.3 ¢/oz
"Prima Della Hot Honey Ham, Pre-Sliced",Lunch & Deli Meats,4.47,$4.47,$8.94/count
"Applegate Naturals, Black Forest Uncured Ham, 70 Cal, 12g Protein, 7 oz Bag (Refrigerated)",Lunch & Deli Meats,6.24,$6.24,89.1 ¢/oz
"Applegate, Nat UC Pork/Beef Pepperoni Slcd, 5oz, Keep Refrigerated, No Allergens, Plastic Bag",Lunch & Deli Meats,5.58,$5.58,$18.00/lb
"Butterball Gluten-Free Oven Roasted Turkey Breast, Deli-Sliced",Lunch & Deli Meats,7.17,$7.17,
"HORMEL CURE 81 Classic Sliced Boneless Quarter Ham, Refrigerated, 1.5-3.0 lb Plastic Vacuum Package",Lunch & Deli Meats,9.96,$9.96,$4.98/lb
"Oscar Mayer Deli Fresh Chipotle Seasoned Chicken Breast, 16 oz Family Pack",Lunch & Deli Meats,6.27,$6.27,39.2 ¢/oz
"Oscar Mayer Deli Fresh Oven Roasted Turkey Breast, 16 oz Family Pack",Lunch & Deli Meats,6.58,$6.58,41.1 ¢/oz
"Hillshire Farm Ultra Thin Sliced Honey Ham Lunchmeat, 22 oz Plastic Tub, Refrigerated",Lunch & Deli Meats,8.54,$8.54,38.8 ¢/oz
"Freshness Guaranteed Chilled Fried Chicken Thigh, Drumsticks, Breasts, Wings, 8 Pieces (Refrigerated)",Packaged Meals,7.97,$7.97,
"Margherita Pepperoni Slices, 16 oz",Lunch & Deli Meats,8.42,$8.42,$8.42/lb
"Beef Choice Angus Seasoned Tri Tip Roast, 2.34 - 3.32 lb Tray",Beef,25.84,$25.84,$10.72/lb
"Great Value, Fat Free, Smoked Turkey Breast, 32 oz Bag, Deli - Sliced",Lunch & Deli Meats,10.42,$10.42,32.6 ¢/oz
"Hillshire Farm Ultra Thin Sliced Black Forest Ham Lunchmeat, 22 oz Plastic Tub, Refrigerated",Lunch & Deli Meats,8.54,$8.54,$6.19/lb
"COLUMBUS Italian Dry Salame Stick, 8 oz",Jerky & Dried Meats,7.97,$7.97,99.6 ¢/oz
"Oscar Mayer Beef Bologna Deli Lunch Meat, 16 oz Package",Lunch & Deli Meats,7.88,$7.88,49.3 ¢/oz
"Margherita Charcuterie Cuts, Uncured Duo Pack, Genoa Salami and Pepperoni, 12oz",Lunch & Deli Meats,8.42,$8.42,70.2 ¢/oz
"Just Bare Fully Cooked Lightly Breaded Chicken Breast Bites 1.5 lb, 16g of Protein, Serving Size 3 Ounces",Packaged Appetizers,9.77,$9.77,40.7 ¢/oz
"Tyson Anytizers Crispy Boneless Chicken Nugget Bites, 24 oz (Frozen, Fully Cooked)",Packaged Meals,8.47,$8.47,35.3 ¢/oz
"85% Lean / 15% Fat Ground Beef Round, 1 lb Tray, Fresh, All Natural*",Beef,7.62,$7.62,$7.62/lb
"Buddig Original Honey Ham Lunchmeat, Resealable Plastic Pouch 16 oz, 9G of Protein per Serving, Refrigerated",Lunch & Deli Meats,5.16,$5.16,32.3 ¢/oz
Foster Farms Chicken Breast Nuggets 33.6 oz Bag (Frozen),Packaged Meals,6.42,$6.42,19.1 ¢/oz
"HORMEL CURE 81  Brown Sugar Sliced Boneless Quarter Ham, 1.5-3.0 lb Plastic Vacuum Package",Pork,10.26,$10.26,$4.98/lb
"Just Bare Fully Cooked Lightly Breaded Chicken Breast Strips 1.5 lb, 16g of Protein, Serving Size 2 Pieces",Packaged Appetizers,9.77,$9.77,40.7 ¢/oz
"Oscar Mayer Deli Fresh Cracked Black Pepper Turkey Breast, 16 oz Family Pack",Lunch & Deli Meats,6.58,$6.58,41.1 ¢/oz
"Great Value Smoked Turkey Breast Lunchmeat, 16 oz, Plastic Tub, Refrigerated",Lunch & Deli Meats,5.97,$5.97,37.3 ¢/oz
"Marketside Wagyu Beef New York Strip Steak, 0.38 - 0.77 lb",Beef,18.75,$18.75,$27.98/lb
"Tyson Grilled Chicken Breast Strips, 22 oz (Frozen, Fully Cooked)",Packaged Meals,8.47,$8.47,$6.18/lb
"93% Lean / 7% Fat Lean Ground Beef, 4.5 lb Tray, Fresh, All Natural*",Beef,33.47,$33.47,$7.44/lb
"Great Value Less Sodium Chunk Chicken Breast with Rib Meat, in Water, Fully Cooked, 12.5 oz, Can",Canned & Jarred Poultry,2.62,$2.62,21.0 ¢/oz
"Marketside Antibiotic-Free Boneless Skinless Chicken Breasts, 1.3 - 3.0 lb",Chicken,10.88,$10.88,$5.98/lb
"(8 pack) Great Value Original Luncheon Meat, 12 oz Easy Open Can",Canned & Jarred Meats,16,$16.00,16.7 ¢/oz
"Farmer John Cooked Ham, 12 oz",Lunch & Deli Meats,3.64,$3.64,30.3 ¢/oz
"Tyson Oven Roasted Diced Chicken Breast, 22 oz (Frozen, Fully Cooked)",Packaged Meals,8.47,$8.47,38.5 ¢/oz
"Smithfield Harwood Smoked Portion Ham, Random Weight, 14 Grams of Protein per 3 oz Serving",Lunch & Deli Meats,13.86,$13.86,$1.98/lb
"Prima Della Hickory Smoked Turkey Breast, Pre-Sliced",Lunch & Deli Meats,5.43,$5.43,$10.86/lb
"(2 pack) Great Value Chunk Chicken Breast with Rib Meat in Water, 5 oz Can",Canned & Jarred Poultry,2.48,$2.48,24.8 ¢/oz
"Smithfield Prime Fresh Honey Ham, 16oz",Lunch & Deli Meats,6.48,$6.48,40.5 ¢/oz
"90% Lean / 10% Fat Ground Beef Sirloin, 2.25 lb Tray, Fresh, All Natural*",Beef,16.88,$16.88,$7.50/lb
"Great Value Fully Cooked Southern Style Chicken Breast Fillet, Whole, 32 oz (Frozen)",Packaged Meals,13.12,$13.12,41.0 ¢/oz
"Prima Della Brand Black Forest Ham, Deli-Sliced",Lunch & Deli Meats,8.94,$8.94,
"New York Strip Steak, Prime Beef, 1 Per Tray, 0.4 - 0.93 lb",Beef,16.97,$16.97,$19.97/lb
"Margherita Sliced Italian Dry Salami, 14 oz",Lunch & Deli Meats,8.42,$8.42,60.1 ¢/oz
"Fiorucci Pepperoni and Mozzarella Panino Tray, 4.5 oz., 6 Count",Lunch & Deli Meats,5.97,$5.97,$21.32/lb
"Great Value Black Forest Ham, Sliced 32 oz Plastic Pouch",Lunch & Deli Meats,8.24,$8.24,25.8 ¢/oz
"Jack Links x MrBeast Teriyaki Beef Sticks, 9.20 Ounce, 10 count of .92 Ounce meat sticks",Jerky & Dried Meats,14.66,$14.66,$1.59/oz
"Prima Della Oven Roasted Turkey Breast, Deli-Sliced",Lunch & Deli Meats,10.86,$10.86,
"Tyson Any'tizers BBQ Flavored Bone In Chicken Wings, 22 oz (Frozen, Fully Cooked)",Packaged Meals,8.47,$8.47,38.5 ¢/oz
"Great Value Chicken Lunchmeat, 12 oz Can",Canned & Jarred Poultry,2,$2.00,$2.67/lb
"Prima Della Fully Cooked off-the-Bone Ham, Deli-Sliced",Lunch & Deli Meats,8.94,$8.94,
"Ribeye Steak, Prime Beef, 1 Per Tray, 0.5 - 1.9 lb",Beef,23.25,$23.25,$23.97/lb
"Tyson Any'tizers Sweet BBQ Boneless Chicken Bites, 24 oz (Frozen, Fully Cooked)",Packaged Meals,8.47,$8.47,35.3 ¢/oz
"bettergoods Chicken Wings with Brown Sugar BBQ Dry Rub, 22 oz (Frozen)",Packaged Appetizers,8.84,$8.84,40.2 ¢/oz
"Marketside Assorted Cubed Meat & Cheese Tray, 12oz (Cubed, Refrigerated)",Sausages & Hot Dogs,7.47,$7.47,62.3 ¢/oz
"Oscar Mayer Deli Fresh Rotisserie Seasoned Chicken Breast, 22 oz Mega Pack",Lunch & Deli Meats,8.54,$8.54,38.8 ¢/oz
"Tyson Any'tizers White Meat Crispy Chicken Fries, 26.5 oz (Frozen Fully Cooked)",Packaged Meals,8.47,$8.47,32.0 ¢/oz
"Oscar Mayer Deli Fresh Honey Smoked Turkey Breast, 22 oz Mega Pack",Lunch & Deli Meats,8.54,$8.54,38.8 ¢/oz
"Fiorucci Prosciutto and Mozzarella Panino Tray, 4.3 oz, 6 Count",Packaged Appetizers,5.97,$5.97,$22.11/lb
"Fiorucci Hard Salami and Mozzarella Cheese Panino Rolls, 4.5 Ounce, 6 Count Resealable Plastic Tray",Lunch & Deli Meats,5.97,$5.97,$1.33/oz
"Fiorucci Pepperoni & Pepper Jack Panino Plastic Tray, 4.5 Ounces, 6 Count",Lunch & Deli Meats,5.97,$5.97,$21.32/lb
"Oscar Mayer Deli Fresh Black Forest Uncured Ham, 16 oz Family Pack",Lunch & Deli Meats,6.27,$6.27,$6.27/lb
"Oscar Mayer Deli Fresh Smoked Uncured Ham, 16 oz Family Pack",Lunch & Deli Meats,6.27,$6.27,39.2 ¢/oz
"HORMEL CURE 81 Classic Boneless Sliced Half Ham, 3-5.5 lbs.",Lunch & Deli Meats,19.28,$19.28,$4.82/lb
"bettergoods Restaurant Style Lightly Breaded White Meat Chicken Bites, 24 oz (Frozen)",Packaged Meals,8.46,$8.46,35.3 ¢/oz
"bettergoods Chicken Wings with Louisiana Style Dry Rub, 22 oz (Frozen)",Packaged Appetizers,8.84,$8.84,$6.41/lb
"Applegate Organic Chicken Strips, 8oz (Frozen)",Packaged Meals,9.42,$9.42,$1.18/oz
"Great Value, Fully Cooked Honey Ham, Sliced 32 oz Plastic Pouch",Lunch & Deli Meats,9.42,$9.42,29.4 ¢/oz
"Oscar Mayer Deli Fresh Honey Uncured Ham, 16 oz Family Pack",Lunch & Deli Meats,6.27,$6.27,39.2 ¢/oz
"85% Lean / 15% Fat Angus Premium Ground Beef, 2.25 lb Tray, Fresh, All Natural*",Beef,16.42,$16.42,45.6 ¢/oz
"Great Value Premium Chunk Chicken Breast, No Antibiotics Ever, 12.5 Ounce Can",Canned & Jarred Poultry,3.27,$3.27,$4.19/lb
"Tyson Any'tizers Buffalo Style Boneless Chicken Bites, 24 oz (Frozen, Fully Cooked)",Packaged Meals,8.47,$8.47,35.3 ¢/oz
"Great Value Boneless Fully Cooked Breaded Chicken Bites, 24 oz (Frozen)",Packaged Meals,7.82,$7.82,32.6 ¢/oz
"Oscar Mayer Deli Fresh Oven Roasted Turkey Breast, 22 oz Mega Pack",Lunch & Deli Meats,8.54,$8.54,38.8 ¢/oz
"Underwood White Meat Chicken Spread, 4.25 oz Can",Meat Dips & Spreads,2.18,$2.18,51.3 ¢/oz
"(6 pack) Great Value Less Sodium Chunk Chicken Breast with Rib Meat, in Water, Fully Cooked, 12.5 oz, Can",Canned & Jarred Poultry,15.72,$15.72,21.0 ¢/oz
"Great Value Premium White Chicken, Shelf-Stable, Fully Cooked, Ready to Eat, 2.6 oz Pouch",Canned & Jarred Poultry,1.83,$1.83,70.4 ¢/oz
"Freshness Guaranteed Hot, Ready-To-Eat Popcorn Chicken",Packaged Meals,2.96,$2.96,
"Armour LunchMakers Bologna & Cheese Kit with Butterfinger, 2.4 oz",Lunch & Deli Meats,1,$1.00,41.7 ¢/oz
"Freshness Guaranteed Hot and Ready-to-Eat Breaded Ranch Bone-in Chicken Wings, 18 Count",Packaged Meals,18.87,$18.87,$18.87/lb
"HORMEL GATHERINGS Hard Salami with Cheese and Crackers, Refrigerated, 14 oz Plastic Tray",Lunch & Deli Meats,7.97,$7.97,56.9 ¢/oz
"Beyond Meat Beyond Steak Korean BBQ, 10 oz",Packaged Meals,6.84,$6.84,68.4 ¢/oz
"Great Value White Meat Chicken Egg Rolls, 10.8 oz, 4 Count",Packaged Meals,3.13,$3.13,29.0 ¢/oz
"Jimmy Dean Meat Lovers Breakfast Bowl, 7 oz (Frozen)",Packaged Meals,3.12,$3.12,44.6 ¢/oz
Beyond Meat Beyond Steak Plant-Based Seared Tips 10 oz,Packaged Meals,6.46,$6.46,64.6 ¢/oz
Beyond Meat Beyond Beef Plant-Based Ground 12 oz,Canned & Packaged Meat Substitutes,5.44,$5.44,45.3 ¢/oz
"Market Sandwich Mega Meat Turkey Havarti Wedge Sanwich, 6 oz (Fresh)","Sandwiches, Filled Rolls & Wraps",3.86,$3.86,64.3 ¢/oz
"bettergoods Spanish Style Rice, White Meat Chicken and Chorizo Skillet Meal, 22 oz (Frozen)",Packaged Meals,9.28,$9.28,42.2 ¢/oz
"Beyond Meat Beyond Breakfast Sausage Plant-Based Breakfast Patties, Original 7.4 oz",Sausages & Hot Dogs,4.64,$4.64,62.7 ¢/oz
"Impossible Foods Ground Beef Meat from Plants, 12 oz Brick",Canned & Packaged Meat Substitutes,7.12,$7.12,59.3 ¢/oz
"Jimmy Dean Simple Scrambles Cup, Meat Lovers, 5.35 oz",Packaged Meals,3.18,$3.18,58.9 ¢/oz
"Beyond Meat Beyond Breakfast Sausage Plant-Based Breakfast Patties, Spicy 7.4 oz",Packaged Meals,4.64,$4.64,62.7 ¢/oz
"Stouffers Spaghetti with Meat Sauce, Single Serve, Frozen Pasta, Single Frozen Meals 12 oz",Packaged Meals,3.27,$3.27,27.3 ¢/oz
"Stouffers Classic Lasagna with Meat & Sauce, Large Family Size Lasagna, Frozen Dinners 57 oz",Packaged Meals,13.48,$13.48,23.6 ¢/oz
"Gardein Ultimate Plant-Based Bratwurst Saus'ge Links, Vegan, Frozen Meat Alternative, 14 oz.",Sausages & Hot Dogs,8.32,$8.32,$9.46/lb
"Impossible Foods Burger Patties Meat from Plants, 6 Patties, 24 oz",Packaged Meals,14.16,$14.16,59.0 ¢/oz
"Stouffers Classic Lasagna with Meat and Sauce, Large Size, Oven Ready, Frozen Dinners 19 oz",Packaged Meals,4.97,$4.97,26.2 ¢/oz
"Stouffers Classic Lasagna with Meat and Sauce, Single Serve, Oven Ready, Frozen Dinners 10.5 oz",Packaged Meals,3.27,$3.27,31.1 ¢/oz
"Impossible Foods Steak Bites Meat from Plants, Fully Cooked, 10 oz",Packaged Meals,7.16,$7.16,71.6 ¢/oz
"HORMEL COMPLEATS Spaghetti & Meat Sauce, Shelf-Stable, 11 grams Protein, 7.5 oz Plastic Microwaveable Tray",Packaged Meals,2.52,$2.52,33.6 ¢/oz
"Gardein Plant-Based Ground Be'f, Vegan, Frozen Meat Alternative, 13.7 oz.",Canned & Packaged Meat Substitutes,5.17,$5.17,$6.01/lb
"Stouffers Meat Lovers Lasagna, Large Size, Oven Ready Lasagna, Easy Frozen Dinners 18 oz",Packaged Meals,4.97,$4.97,27.6 ¢/oz
Stouffer's Family Size Lasagna with Meat & Sauce Frozen Meal,Packaged Meals,9.84,$9.84,25.9 ¢/oz
"Gardein Plant-Based Chick'n Strips, Vegan, Frozen Meat Alternative, 10 oz.",Canned & Packaged Meat Substitutes,5.17,$5.17,$8.21/lb
"Great Value Italian-Style Lasagna with Meat Sauce, 90 oz, 1 Count",Packaged Meals,14.87,$14.87,16.5 ¢/oz
"Great Value Lasagna with Meat Sauce, 90 oz (Frozen)",Packaged Meals,14.87,$14.87,16.5 ¢/oz
"Michael Angelo's Lasagna with Meat Sauce & Ricotta, Large Frozen Family Dinner, Oven Ready, 46 oz",Packaged Meals,11.46,$11.46,24.9 ¢/oz
"By Chef Ramsay Lasagna with Bolognese Meat Sauce, 10.84 oz Bowl (Frozen )",Packaged Meals,5.94,$5.94,55.0 ¢/oz
"Stouffers Cheesy Garlic Lasagna with Meat Sauce, Family Size Lasagna, Easy Frozen Dinners 35 oz",Packaged Meals,9.84,$9.84,28.1 ¢/oz
"Great Value Italian-Style Lasagna with Meat Sauce, 35 oz",Packaged Meals,7.88,$7.88,22.5 ¢/oz
"Udi's Gluten Free Lasagna with Meat Sauce, 28 oz (Frozen)",Packaged Meals,10.97,$10.97,39.2 ¢/oz
"Michael Angelo's Lasagna with Meat Sauce & Ricotta, Frozen Dinners For One, Single Serve, 11 oz",Packaged Meals,3.86,$3.86,35.1 ¢/oz
"Nestle Abuelita Mexican Style Instant Hot Chocolate Cinco de Mayo Food Drink Mix, 8 oz, 8 Packets Per Box​",Chocolate Drink Mixes,2.88,$2.88,36.0 ¢/oz
"Nestle Abuelita Mexican Style Instant Hot Chocolate Cinco de Mayo Food Drink Mix, 11.287 oz, 16 Pack, Resealable Bag​",Chocolate Drink Mixes,4.56,$4.56,40.4 ¢/oz
"(4 pack) Nestle Nesquik Chocolate Flavor Powder Stir In Drink Mix Canister, 38 oz Canister, 83 Servings",Chocolate Drink Mixes,48,$48.00,31.6 ¢/oz
"Nestle Nesquik No Sugar Added Chocolate Instant Stir In Powder Mix, 16 oz Canister, 41 Servings",Chocolate Drink Mixes,8,$8.00,50.0 ¢/oz
"(2 pack) NIDO Kinder 1+ Powder Beverage Mix, Immunity Toddler Milk with Vitamins A, C, D, Iron to Support Growth, 28.2 oz Canister",Toddler Formulas,25.96,$25.96,46.0 ¢/oz
"(2 pack) NIDO Excella Gold Original Toddler Milk Beverage Powder Mix, 28.2 oz Canister",Toddler Formulas,35.16,$35.16,62.3 ¢/oz
"(2 pack) NIDO Kinder 1+ Powder Beverage Mix, Immunity Toddler Milk with Vitamins A, C, D, Iron to Support Growth, 12.6 oz Canister",Toddler Formulas,14.16,$14.16,56.2 ¢/oz
"(4 pack) NIDO Excella Gold Original Toddler Milk Beverage Powder Mix, 28.2 oz Canister",Toddler Formulas,70.32,$70.32,62.3 ¢/oz
"Great Value Instant Nonfat Dry Milk, 3.2 oz Pouches (3 Count), Makes 3 Quarts Total, 12 Servings per Container",Milks,3.43,$3.43,35.7 ¢/oz
"(3 pack) Great Value Milk Chocolate Hot Cocoa Drink Mix, 27 oz Canister",Chocolate Drink Mixes,17.22,$17.22,20.7 ¢/oz
"Great Value Instant Nonfat Dry Milk, 25.6 oz, Bag",Milks,9.28,$9.28,36.3 ¢/oz
"Great Value Instant Nonfat Dry Milk, 64 oz, Bag",Milks,20.66,$20.66,32.3 ¢/oz
"Great Value Instant Nonfat Dry Milk, 3.2 oz Pouches (10 Count)",Milks,11.48,$11.48,35.9 ¢/oz
"Nestle Abuelita Mexican Style Instant Hot Chocolate Cinco de Mayo Food Drink Mix, 11.287 oz, 16 Pack, Resealable Bag",Chocolate Drink Mixes,4.56,$4.56,40.4 ¢/oz
"(4 pack) LALA Low Fat Shelf-Stable Milk Drink, Chocolate, 8.25 oz Carton Container (6 Ct)",Milks,29.04,$29.04,15.1 ¢/fl oz
"Nestle Abuelita Mexican Style Instant Hot Chocolate Cinco de Mayo Food Drink Mix, 8 oz, 8 Packets Per Box",Chocolate Drink Mixes,2.88,$2.88,36.0 ¢/oz
"(6 pack) Great Value Instant Dry Whole Milk, 39.5 oz Bag, Makes 8 Quarts, 32 Servings per Container",Milks,87.72,$87.72,37.0 ¢/oz
"(3 pack) Nestle Carnation Original Malted Milk Powder Mix, 13 oz",Milks,18.51,$18.51,47.5 ¢/oz
"Nestle Hot Cocoa Rich Milk Chocolate Flavored Mix Powder, 27.7 oz, Can",Chocolate Drink Mixes,8.43,$8.43,30.4 ¢/oz
"PediaSure Grow & Gain Shake Mix Powder, Chocolate, 14.1 oz Can, 8 Servings",Pediatric Nutrition Shakes,13.97,$13.97,99.1 ¢/oz
"Swiss Miss Milk Chocolate Flavored Hot Cocoa Mix, 38.27 oz. Canister",Chocolate Drink Mixes,9.76,$9.76,25.5 ¢/oz
"Campoverde Frozen Banana Salted Caramel Sunflower Smoothie & Frappe Blender, 24 oz, Makes 4 Drinks",Drink Mixes,12.44,$12.44,51.8 ¢/oz
"Kern's Original Horchata Milk & Rice Drink, 59 Fl. Oz.",Milks,3.96,$3.96,6.7 ¢/fl oz
"Cocoa Classics Caramel Cocoa Mix Hot Chocolate Made with Nonfat Milk Just Add Hot Water Make Hot or Iced Cocoa Gluten Free & Kosher Dairy Friendly 1, 1.25oz Packet",Chocolate Drink Mixes,0.78,$0.78,62.4 ¢/oz
"Nestle Insant Hot Cocoa Rich Milk Chocolate Flavored Mix Powder, 6.829 oz, 8 Count Box",Chocolate Drink Mixes,3,$3.00,44.1 ¢/oz
Milk Magic Strawberry 24pk,Straws,5.74,$5.74,$7.18/oz
"Cocoa Classics Chocolate Supreme Cocoa Mix, Hot Chocolate, Made with Nonfat Milk, Just Add Hot Water, Make Hot or Iced Cocoa, Gluten Free & Kosher Dairy Friendly, 1, 1.25oz Packet",Chocolate Drink Mixes,0.78,$0.78,62.4 ¢/oz
"Yulu Foods Instant Boba Honeydew Milk Tea, Bubble Tea Kit, 3 Drinks",Powdered Tea,7.14,$7.14,86.5 ¢/oz
"(2 pack) Kern's Original Horchata Milk & Rice Drink, 59 Fl. Oz.",Milks,7.92,$7.92,6.7 ¢/fl oz
"(3 pack) Cocoa Classics Caramel Cocoa Mix Hot Chocolate Made with Nonfat Milk Just Add Hot Water Make Hot or Iced Cocoa Gluten Free & Kosher Dairy Friendly 1, 1.25oz Packet",Chocolate Drink Mixes,2.34,$2.34,62.4 ¢/oz
LiveMore Naturals Magic Mango Smoothie,Drink Mixes,5.22,$5.22,74.6 ¢/oz
LiveMore Naturals Berry Bliss Smoothie,Drink Mixes,5.22,$5.22,74.6 ¢/oz
"(2 pack) Carnation Breakfast Essentials High Protein Nutritional Drink Shakes, Rich Milk Chocolate Breakfast Shakes, 8 fl oz, 12 Pack",Nutrition Drinks,29.94,$29.94,15.6 ¢/fl oz
"Nesquik Chocolate Low-fat Milk, Ready to Drink Low-fat Milk, Breakfast Drink, 14 fl oz",Milks,1.48,$1.48,10.6 ¢/fl oz
"(2 pack) Carnation Breakfast Essentials Nutritional Protein-Packed Drink Shakes, Rich Milk Chocolate Breakfast Shakes, 8 fl oz, 12 Pack",Nutrition Drinks,26.48,$26.48,13.8 ¢/fl oz
"Meyenberg Whole Powdered Goat Milk, Plain, 12 oz (340g)",Milks,15.72,$15.72,$1.31/oz
"(3 pack) Yulu Foods Instant Boba Taro Milk Tea, Bubble Tea Kit, 3 Drinks",Powdered Tea,22.5,$22.50,90.9 ¢/oz
"(3 pack) Yulu Foods Instant Boba Honeydew Milk Tea, Bubble Tea Kit, 3 Drinks",Powdered Tea,21.42,$21.42,86.5 ¢/oz
"bettergoods White Chocolate Hot Cocoa Mix, 12 oz",Chocolate Drink Mixes,5.96,$5.96,49.7 ¢/oz
"(3 pack) Nestle Milo Activ Go Instant Chocolate Flavored Nutritional Energy Drink, 8.1 fl oz, 1 Can",Nutrition Drinks,4.68,$4.68,19.3 ¢/fl oz
"Swiss Miss Chocolate Hot Cocoa Mix With Marshmallows, 1.38 oz., 8-Count Envelopes",Chocolate Drink Mixes,3.54,$3.54,32.1 ¢/oz
"Swiss Miss Milk Chocolate Flavored Hot Cocoa Mix, 1.38 oz., 8-Count Envelopes",Chocolate Drink Mixes,3.54,$3.54,32.2 ¢/oz
"(2 pack) Premier Protein 100% Whey Protein Powder, Vanilla Milkshake, 30g Protein, 29 Servings",Protein Supplements,64.98,$64.98,80.8 ¢/oz
"(2 pack) Meyenberg Whole Powdered Goat Milk, Plain, 12 oz (340g)",Milks,31.44,$31.44,$1.31/oz
"(3 pack) Yulu Foods Instant Boba Classic Milk Tea, Bubble Tea Kit, 3 Drinks",Powdered Tea,22.5,$22.50,90.9 ¢/oz
"(12 pack) Cocoa Classics Chocolate Supreme Cocoa Mix, Hot Chocolate, Made with Nonfat Milk, Just Add Hot Water, Make Hot or Iced Cocoa, Gluten Free & Kosher Dairy Friendly, 1, 1.25oz Packet",Chocolate Drink Mixes,9.36,$9.36,62.4 ¢/oz
"(3 pack) Yulu Foods Instant Boba Strawberry Milk Tea, Bubble Tea Kit, 3 Drinks",Bottled Tea Drinks,22.5,$22.50,90.9 ¢/oz
"(18 pack) Cocoa Classics French Vanilla Cocoa Mix Hot Chocolate Made with Nonfat Milk Just Add Hot Water Make Hot or Iced Cocoa Gluten Free & Kosher Dairy Friendly 1, 1.25oz Packet",Chocolate Drink Mixes,14.04,$14.04,62.4 ¢/oz
"(6 pack) Nestle Milo Activ Go Instant Chocolate Flavored Nutritional Energy Drink, 8.1 fl oz, 1 Can",Energy Drinks,9.36,$9.36,19.3 ¢/fl oz
"Swiss Miss Chocolate Hot Cocoa Mix With Marshmallows, 1.38 oz., 30-Count Envelopes",Chocolate Drink Mixes,9.87,$9.87,23.8 ¢/oz
"Swiss Miss No Sugar Added Milk Chocolate Flavored Hot Cocoa Mix, 0.73 oz., 8-Count Envelopes",Chocolate Drink Mixes,4.32,$4.32,74.0 ¢/oz
"Starbucks Marshmallow Hot Cocoa Mix, 6 Count Box",Chocolate Drink Mixes,8,$8.00,$1.33/oz
"Cocoa Classics Arctic White Cocoa Mix, Hot Chocolate, Made with Nonfat Milk, Just Add Hot Water, Make Hot or Iced Cocoa, Gluten Free, 1, 1.25oz Packet",Chocolate Drink Mixes,0.78,$0.78,62.4 ¢/oz
"(4 pack) Cocoa Classics Arctic White Cocoa Mix, Hot Chocolate, Made with Nonfat Milk, Just Add Hot Water, Make Hot or Iced Cocoa, Gluten Free, 1, 1.25oz Packet",Chocolate Drink Mixes,3.12,$3.12,62.4 ¢/oz
"Cocoa Classics Mint Cocoa Mix, Hot Chocolate, Made with Nonfat Milk, Just Add Hot Water, Make Hot or Iced Cocoa, Gluten Free & Kosher Dairy Friendly, 1, 1.25oz Packet",Chocolate Drink Mixes,0.78,$0.78,62.4 ¢/oz
"Yulu Foods Instant Boba, Vanilla Latte Bubble Tea Kit, 3 Drinks",Powdered Tea,7.5,$7.50,90.9 ¢/oz
"(6 pack) Cocoa Classics Mint Cocoa Mix, Hot Chocolate, Made with Nonfat Milk, Just Add Hot Water, Make Hot or Iced Cocoa, Gluten Free & Kosher Dairy Friendly, 1, 1.25oz Packet",Chocolate Drink Mixes,4.68,$4.68,62.4 ¢/oz
"(2 pack) Swiss Miss No Sugar Added Milk Chocolate Flavored Hot Cocoa Mix, 0.73 oz., 8-Count Envelopes",Chocolate Drink Mixes,8.64,$8.64,74.0 ¢/oz
"(2 pack) Nestle Abuelita Mexican Style Instant Hot Chocolate Cinco de Mayo Food Drink Mix, 8 oz, 8 Packets Per Box",Chocolate Drink Mixes,5.76,$5.76,36.0 ¢/oz
"(2 pack) Carnation Breakfast Essentials Nutritional Protein-Packed Drink Shakes, Creamy Strawberry Breakfast Shakes, 8 fl oz, 12 Pack",Nutrition Drinks,26.48,$26.48,13.8 ¢/fl oz
"(2 pack) The Saco Pantry Cultured Buttermilk Blend Powder, 12 oz Tub, Gluten-Free, Treen Nut Free and Peanut Free",Milks,8.96,$8.96,37.3 ¢/oz
"Swiss Miss Milk Chocolate Flavored Hot Cocoa Mix, 1.38 oz., 30-Count Envelopes",Chocolate Drink Mixes,9.87,$9.87,23.8 ¢/oz
"(2 pack) Nestle Abuelita Mexican Style Instant Hot Chocolate Cinco de Mayo Food Drink Mix, 11.287 oz, 16 Pack, Resealable Bag",Chocolate Drink Mixes,9.12,$9.12,40.4 ¢/oz
"(3 pack) Yulu Foods Instant Boba, Vanilla Latte Bubble Tea Kit, 3 Drinks",Powdered Tea,22.5,$22.50,90.9 ¢/oz
"Starbucks Classic Hot Cocoa Mix, 6 Count Box",Chocolate Drink Mixes,8,$8.00,$1.33/oz
"Mr & Mrs T Strawberry Daiquiri Margarita Mix, 1 L, Bottle",Cocktail Mixers,4.72,$4.72,14.0 ¢/fl oz
"Nestle Abuelita Mexican Hot Chocolate Tablets Cinco de Mayo Food, 19 oz, Box, Instant",Chocolate Drink Mixes,6.12,$6.12,32.2 ¢/oz
"(4 pack) Nestle Abuelita Mexican Hot Chocolate Tablets Cinco de Mayo Food, 19 oz, Box, Instant",Chocolate Drink Mixes,24.48,$24.48,32.2 ¢/oz
"(3 pack) Starbucks Classic Hot Cocoa Mix, 6 Count Box",Chocolate Drink Mixes,24,$24.00,$1.33/oz
"Great Value Lite Chai Latte Tea Concentrate, 32 fl oz",Tea Concentrates,4.14,$4.14,12.9 ¢/fl oz
"(4 pack) Oregon Chai, Original Chai Tea Latte, Single Serve Packets, 8 Ct",Powdered Tea,21.52,$21.52,61.7 ¢/oz
"Great Value Classic Chai Latte Tea Concentrate, 32 fl oz - Black Tea with Sweet Spices",Tea Concentrates,4.14,$4.14,12.9 ¢/fl oz
"(4 pack) Oregon Chai Sugar Free Chai Concentrate, 32 Fluid Ounces (Pack of 1)",Tea Concentrates,20,$20.00,15.6 ¢/fl oz
"(2 pack) Oregon Chai, Original Chai Tea Latte, Single Serve Packets, 8 Ct",Powdered Tea,10.76,$10.76,61.7 ¢/oz
"Oregon Chai Sugar Free Chai Concentrate, 32 Fluid Ounces (Pack of 1)",Tea Concentrates,5,$5.00,15.6 ¢/fl oz
"(3 pack) Yulu Foods Instant Boba Mango Peach Tea, Bubble Tea Kit, 3 Drinks",Bottled Tea Drinks,22.5,$22.50,94.5 ¢/oz
"Qunol Magnesium Capsules 420mg, High Absorption Magnesium Supplement, Extra Strength, Bone and Muscle Health Supplement, 120 Count",Dietary Supplements,12.88,$12.88,10.7 ¢/count
"One A Day Multivitamin for Men - Daily Mens Multivitamins with Vitamin D, Zinc, Folic Acid, and B Vitamins, Physical Energy Support, 200 Ct (Packaging May Vary)",Multivitamin Supplements,16.24,$16.24,8.1 ¢/count
"Equate Vanilla Original Nutritional Shake, 8 FL OZ, 6 Count",Nutrition Drinks,7.48,$7.48,15.6 ¢/fl oz
"Equate Adult Nutrition Powder, Vanilla, 14.1 oz, 7 Servings",Nutrition Drinks,7.96,$7.96,56.5 ¢/oz
"Flintstones Multivitamins for Kids, Sugar Free Kids Multivitamin Gummies, with Vitamins A, C, E, B6 & B12, Raspberry Flavored Gummy Vitamins, 60 Count",Multivitamin Supplements,13.98,$13.98,23.3 ¢/count
"Bloom Nutrition Greens & Superfoods Powder Sticks (Watermelon, Strawberry Kiwi) 10 Count",Dietary Supplements,16.47,$16.47,$8.00/oz
"Optimum Nutrition, Gold Standard 100% Whey Protein Powder, Double Rich Chocolate 1.5lb Tub",Protein Supplements,29.97,$29.97,$1.27/oz
"Qunol Mega Ubiquinol CoQ10 Softgels, 100mg, Antioxidant Supplement for Heart Health, 60 Count",Dietary Supplements,21.88,$21.88,36.5 ¢/count
"Spring Valley Super Vitamin B-Complex Dietary Supplement, 100 Count, Tablets for Metabolism Support",Vitamin Supplements,6.53,$6.53,6.5 ¢/count
"Equate Original Meal Replacement Nutritional Shakes, Chocolate, 8 fl oz, 24 Count",Nutrition Drinks,27.12,$27.12,14.1 ¢/fl oz
"Equate Chocolate Original Nutritional Shake, 8 FL OZ, 6 Count",Nutrition Drinks,7.48,$7.48,15.6 ¢/fl oz
"Six Star Testosterone Booster Caplets, 386 mg Rhodiola Extract, 60 Ct, 30 Servings",Dietary Supplements,10.14,$10.14,16.9 ¢/count
"Spring Valley Extra Strength Ashwagandha Dietary Supplement, 1300 mg, 60 Vegetarian Capsules",Dietary Supplements,9.74,$9.74,16.2 ¢/count
"Force Factor Total Beets Blood Pressure Support, Beet Root Supplement for Nitric Oxide, Circulation, Heart Health & Energy, Acai Berry, 60 Soft Chews",Dietary Supplements,22.47,$22.47,37.5 ¢/count
"RAW Nutrition Essential 100% Pure Creatine Monohydrate Powder, Unflavored, 8.81 oz, 50 Servings",Amino Acid Supplements,12.97,$12.97,$1.47/oz
"Equate Whey Protein Powder, Rich Chocolate, 24 oz",Protein Supplements,18.48,$18.48,77.0 ¢/oz
"Spring Valley Extra Strength Cranberry Dietary Supplement Capsules, 15,000mg, 60 Count",Dietary Supplements,8.88,$8.88,14.8 ¢/count
"(2 pack) Spring Valley DHEA Dietary Supplement Tablets for Sugar Metabolism, 50 mg, 50 Count",Dietary Supplements,11.76,$11.76,11.8 ¢/count
"OLLY Daily Energy Gummy Supplement, Vitamin B12, CoQ10, Goji Berry, Tropical Passion Flavored, 60 Ct",Vitamin Supplements,11.47,$11.47,19.1 ¢/count
"Optimum Nutrition Gold Standard 100% Whey Protein Powder, Vanilla Ice Cream, 1.5 lb Tub, 22 Servings",Protein Supplements,29.97,$29.97,$1.25/oz
"Ensure Plus Meal Replacement Nutrition Shake, Butter Pecan, 16g Protein, 8 fl oz - 6 Pack",Nutrition Drinks,14.12,$14.12,29.4 ¢/fl oz
"Spring Valley Turmeric Curcumin with Ginger Powder Dietary Supplement Vegetarian Capsules for General Wellness, 500 mg, 180 Count",Dietary Supplements,8.88,$8.88,4.9 ¢/count
"Equate High Performance Protein Nutrition Shake, Chocolate, 11 fl oz, 4 Count",Nutrition Drinks,7.48,$7.48,17.0 ¢/fl oz
"Spring Valley Papaya Enzyme Complex Chewable Tablets Dietary Supplement, Digestive Health, 180 Count",Dietary Supplements,4.88,$4.88,2.7 ¢/count
"Ensure Original Nutrition Shake, 9g Protein, Vanilla, 8 fl oz - 16 Pack",Nutrition Drinks,24.63,$24.63,19.2 ¢/fl oz
"Body Fortress Super Advanced Whey Protein Powder, Chocolate, Immune Support , Vitamins C & D plus Zinc, 1.78 lbs",Protein Supplements,22.98,$22.98,80.6 ¢/oz
"Equate Whey Protein Powder, Smooth Vanilla, 24 oz",Protein Supplements,18.48,$18.48,77.0 ¢/oz
"Equate High Protein Nutritional Shake, Strawberry, 8 fl oz, 24 Count",Nutrition Drinks,29.88,$29.88,15.6 ¢/fl oz
"Bloom Nutrition High Energy Pre-Workout, Raspberry Lemonade Flavor, 25 Servings",Amino Acid Supplements,29.97,$29.97,$4.11/oz
"Orgain Organic Vegan 21g Protein Powder, Plant Based Shake Drink, Vanilla Bean 1.02lb",Protein Supplements,19.95,$19.95,$1.25/oz
"Equate Nutritional Shake Plus, Chocolate, 8 fl oz, 24 Count",Nutrition Drinks,32.12,$32.12,16.7 ¢/fl oz
"Equate Max Protein Nutrition Shake, Vanilla Flavored, 11 fl oz, 4 Count",Protein Supplements,7.76,$7.76,17.6 ¢/fl oz
"Natures Bounty Optimal Solutions Hair Growth Supplement for Women with Biotin Vitamin, Dietary Supplement, 30 Capsules",Dietary Supplements,8.27,$8.27,27.6 ¢/count
"(3 pack) Force Factor Amazing Ashwa with KSM-66 Ashwagandha & L-Theanine for Stress Relief, Relaxation & Cortisol Balance, Triple Berry, 60 Soft Chews",Dietary Supplements,37.32,$37.32,20.7 ¢/count
"Nature's Bounty Hair Skin and Nails Vitamin with Collagen and Biotin, Women's Multivitamin, Tropical Citrus Gummies, 90 Ct",Dietary Supplements,7.88,$7.88,8.8 ¢/count
"Equate Max Protein Nutrition Shake, Chocolate Flavored, Liquid, 11 fl oz, 4 Count",Nutrition Drinks,7.38,$7.38,16.8 ¢/fl oz
"SmartyPants Kids & Toddler Multivitamin Gummies, Wellness Supplement for Kids, Vitamin C, B12, 60 ct",Multivitamin Supplements,13.98,$13.98,23.3 ¢/count
"Ensure Plus Meal Replacement Nutrition Shake, Vanilla, 16g Protein, 8 fl oz - 6 Pack",Nutrition Drinks,14.12,$14.12,29.4 ¢/fl oz
"Equate Nutritional Shakes Plus, Vanilla, 8 fl oz, 24 Count",Nutrition Drinks,32.12,$32.12,16.7 ¢/fl oz
"MaryRuth Liquid Morning Multivitamin, Raspberry, 15.22 fl oz, Vegan, Adults and Kids General Health and Wellness",Multivitamin Supplements,21.98,$21.98,$1.44/fl oz
"Orgain Organic Vegan 21g Protein + 50 Superfoods Powder, Plant Based Shake Drink, Vanilla Bean 1.12lb",Protein Supplements,21.98,$21.98,$1.23/oz
"Equate Nutritional Shake Plus, Strawberry, 8 fl oz, 24 Count",Nutrition Drinks,32.12,$32.12,16.7 ¢/fl oz
"FOCUS FACTOR Original (60 Count) - Brain Health Supplement with Vitamins B6, B12, D, Bacopa Monnieri",Dietary Supplements,14.98,$14.98,25.0 ¢/count
"Ensure Original Nutrition Shake, 9g Protein, Milk Chocolate, 8 fl oz - 6 Pack",Nutrition Drinks,9.78,$9.78,20.4 ¢/fl oz
"Force Factor Perfect Maca, Black & Yellow Maca Root Supplement with DIM & Saffron for Mood, Hormone, & Energy Support, Dark Cherry, 60 Soft Chews",Multivitamin Supplements,14.98,$14.98,25.0 ¢/count
"Ensure Plus Meal Replacement Nutrition Shake, Strawberry, 16g Protein, 8 fl oz - 6 Pack",Nutrition Drinks,14.12,$14.12,29.4 ¢/fl oz
"Ensure Original Nutrition Shake, 9g Protein, Milk Chocolate, 8 fl oz - 16 Pack",Nutrition Drinks,24.63,$24.63,19.2 ¢/fl oz
"Ensure High Protein Nutrition Shake, Vanilla, 8 fl oz, 6 Count",Nutrition Drinks,12.46,$12.46,26.0 ¢/fl oz
"Equate Strawberry Nutritional Shake, 8 FL OZ, 6 Count",Nutrition Drinks,7.48,$7.48,15.6 ¢/fl oz
"OLLY Extra Strength Daily Energy Gummy Supplement, 1000 mcg Vitamin B12, 60 Ct",Dietary Supplements,14.27,$14.27,23.8 ¢/count
"Spring Valley Extra Strength Vitamin B12, Cherry, 5000 mcg, 60 Count, Supplement Fast Dissolve Tablets for Metabolism Support",Vitamin Supplements,9.12,$9.12,15.2 ¢/count
"Equate Brain Health 5 Function Formula Capsules Dietary Supplement, 30 Count",Dietary Supplements,21.62,$21.62,72.1 ¢/count
"Ensure Original Nutrition Shake, 9g Protein, Strawberry, 8 fl oz - 16 Pack",Nutrition Drinks,24.63,$24.63,19.2 ¢/fl oz
"Raw Nutrition Essentials Pre Workout Powder, Sour Grape, 20 Servings",Amino Acid Supplements,19.88,$19.88,$1.33/oz
"Carnation Breakfast Essentials Nutritional Protein-Packed Drink Shakes, Rich Milk Chocolate Breakfast Shake, 8 fl oz, 6 Pack",Nutrition Drinks,6.97,$6.97,14.5 ¢/fl oz
"Premier Protein Shake, Caramel, 30g Protein, 11 Fl Oz, 4 Ct",Protein Supplements,9.58,$9.58,21.8 ¢/fl oz
"Equate Chocolate Nutritional Shake Plus, 8 FL OZ, 6 Count",Nutrition Drinks,8.96,$8.96,18.7 ¢/fl oz
"OWYN 32g Pro Elite Chocolate Flavored Protein Shake - 11.15 fl oz, 4 Count",Protein Supplements,9.27,$9.27,20.8 ¢/fl oz
"Spring Valley Best Beets Dietary Supplement Soft Chews for Heart Health, Natural Strawberry and Acai Flavor, 60 Count",Dietary Supplements,9.97,$9.97,16.6 ¢/count
"Carnation Breakfast Essentials Nutritional Protein-Packed Drink Shakes, Rich Milk Chocolate Breakfast Shakes, 8 fl oz, 12 Pack",Nutrition Drinks,13.24,$13.24,13.8 ¢/fl oz
"Optimum Nutrition, Gold Standard 100% Whey Protein Powder, for Muscle Growth, Chocolate Peanut Butter, 1.5lb Tub",Protein Supplements,29.97,$29.97,$1.17/oz
"Spring Valley Rapid-Release Magnesium Citrate Bone Health Dietary Supplement Capsules, 100 mg, 100 Count",Dietary Supplements,7.63,$7.63,7.6 ¢/count
"Spring Valley Proactive Support Omega-3 Fish Oil Dietary Supplement Softgels for Heart/General/Brain Health, 1000 mg, 60 Count",Dietary Supplements,9.97,$9.97,16.6 ¢/count
"BelliWelli Daily Fiber Supplement with Probiotics, Electrolytes, and Collagen - Strawberry Lemonade, 6.4 oz",Fiber Supplements,20.98,$20.98,$3.28/oz
"Atkins High Protein Bars, Strawberry Shortcake Flavored, 15g of Protein, 4 Count",Protein Supplements,6.98,$6.98,$1.03/oz
"Spring Valley Non GMO Dietary Supplement Gummies, Apple Cider Vinegar, 500 mg, 60 Count",Dietary Supplements,8.93,$8.93,14.9 ¢/count
"(3 pack) Spring Valley Ultra Strength Turmeric Curcumin Dietary Supplement Vegetarian Capsules for General Wellness, 1500 mg, 90 Count",Dietary Supplements,29.64,$29.64,11.0 ¢/count
"Quest Protein Bar, Blueberry Muffin Flavor, 20g of Protein, Gluten Free, 4 Count",Protein Supplements,9.47,$9.47,$1.11/oz
"MaryRuth Organics Liquid Multivitamin + Lustriva Hair Growth, Biotin 10000mcg, Clinically Tested Women for Thicker Hair & Facial Wrinkles, 15.22 fl oz",Vitamin Supplements,39.95,$39.95,$2.63/fl oz
"Optimum Nutrition Gold Standard 100% Whey Protein Powder, Strawberries & Cream, 1.5 lb, 22 Servings",Protein Supplements,29.97,$29.97,$1.25/oz
"BOOST 20g High Protein Nutritional Drink Shakes, Rich Chocolate, 8 fl oz, 6 Pack",Nutrition Drinks,10.48,$10.48,21.8 ¢/fl oz
"Viactiv Calcium + Vitamin D3 Supplement Soft Chews, Milk Chocolate, Calcium for Bone Health, 100 Count",Mineral Supplements,10.54,$10.54,10.5 ¢/count
"Force Factor Better Turmeric, Turmeric Curcumin Supplement with Ginger for Joint Health & Inflammation Support, Fruit Splash, 60 Soft Chews",Herbal Supplements,14.98,$14.98,25.0 ¢/count
"Equate Protein Shake, Chocolate, 11 fl oz, 12 Count",Nutrition Drinks,20.98,$20.98,15.9 ¢/fl oz
"Citracal Maximum Plus Calcium Supplement, Calcium with Vitamin D3, Coated Caplets, 180 Count",Mineral Supplements,8.88,$8.88,4.9 ¢/count
"BOOST Original Balanced Nutritional Drink Protein Shakes, Very Vanilla, 8 fl oz, 6 Pack",Nutrition Drinks,9,$9.00,18.8 ¢/fl oz
"Qunol Turmeric Curcumin Capsules, 1000mg, Ultra High Absorption, Joint Support Supplement, 30 Count",Herbal Supplements,11.96,$11.96,39.9 ¢/count
"BOOST Original Balanced Nutritional Drink Protein Shakes, Rich Chocolate, 8 fl oz, 6 Pack",Nutrition Drinks,9,$9.00,18.8 ¢/fl oz
"Muscle Milk Genuine Protein Powder, Chocolate, 1.93 Pound, 12 Servings",Protein Supplements,23.18,$23.18,75.0 ¢/oz
"Equate Brain Health 5 Function Formula Gummies Dietary Supplement, 60 Count",Dietary Supplements,21.92,$21.92,36.5 ¢/count
"Spring Valley Biotin Dietary Supplement Softgels for Hair/Skin/Nails Health, 10,000 mcg, 120 Count",Dietary Supplements,8.88,$8.88,7.4 ¢/count
"Natures Bounty Berberine 1000mg Capsules, Supports Heart Health, Cholesterol & Blood Sugar Levels in a Normal Range, Non-GMO Supplement, 60 Count",Herbal Supplements,19.93,$19.93,33.2 ¢/count
"Optimum Nutrition, Gold Standard 100% Whey Protein Powder, Girl Scout Thin Mint Cookie 1.5lb Tub",Protein Supplements,29.97,$29.97,$1.21/oz
"Nature's Bounty Hair Skin and Nail Vitamins With Biotin, Women's Multivitamin, Strawberry Gummies, 90 Ct",Dietary Supplements,7.88,$7.88,8.8 ¢/count
"BOOST Women Nutritional Protein Drink Shakes with Biotin and Zinc, Rich Chocolate, 8 fl oz, 6 Pack",Nutrition Drinks,11.68,$11.68,24.3 ¢/fl oz
"KendaKids Complete Nutrition Shake with Protein & DHA, Creamy Chocolate, 8 fl oz, (6 Pack)",Pediatric Nutrition Shakes,11.97,$11.97,24.9 ¢/fl oz
"Garden of Life Organic Plant-Based Protein Powder, Vanilla, 20g Protein Shake Drink, Vegan, Probiotics, Digestive Enzymes, 19.05oz",Protein Supplements,19.97,$19.97,$1.11/oz
"Evlution Nutrition BCAA Energy Amino Acid Pre-Workout Powder - 30 Servings, Rocket Pop",Amino Acid Supplements,16.98,$16.98,$1.72/oz
"Ensure Max Protein Shake, 30g Protein, Cafe Mocha, 11 fl oz, 4 Pack",Nutrition Drinks,9.97,$9.97,22.7 ¢/fl oz
"OWYN Plant-Based 20g Protein Shake, Dark Chocolate, 11.15 fl oz, 4 Count",Protein Supplements,7.76,$7.76,17.4 ¢/fl oz
"Six Star Pro Nutrition 100% Whey Protein Powder Plus, 30g Protein, Triple Chocolate, 1.81 lbs",Protein Supplements,19.76,$19.76,68.6 ¢/oz
"Pure Protein Bars, Galactic Brownie, 20g Protein, Gluten Free, 1.76 oz, 4 Ct",Protein Supplements,4.97,$4.97,71.0 ¢/oz
"Six Star 100% Creatine Powder, Supports Muscles, Strength and Performance, 10.58 oz, 80 Servings",Amino Acid Supplements,14.97,$14.97,$1.41/oz
"Ensure COMPLETE Nutrition Shake, 30g Protein, Milk Chocolate, 10 fl oz4 Pack",Nutrition Drinks,12.53,$12.53,31.3 ¢/fl oz
"Equate Protein Nutrition Shake, Caramel, 11 fl oz, 12 Count",Nutrition Drinks,20.98,$20.98,15.9 ¢/fl oz
"Spring Valley Ashwagandha Root Powder General Wellness Dietary Supplement Vegetarian Capsules, 500 mg, 60 Count",Herbal Supplements,8.88,$8.88,14.8 ¢/count
"Six Star Pro Nutrition 100% Whey Protein Plus Powder, Kellogg's Froot Loops 1.8 lbs",Protein Supplements,21.97,$21.97,75.8 ¢/oz
"Premier Protein 100% Whey Protein Powder, Caf Latte, 30g Protein, 23.9 oz, 1.5lb",Protein Supplements,27.68,$27.68,$34.60/oz
"Premier Protein Shake, Strawberries & Cream, 30g Protein, 11 fl oz, 4 Ct",Protein Supplements,9.58,$9.58,21.8 ¢/fl oz
"Ensure High Protein Nutrition Shake, Milk Chocolate, 8 fl oz, 6 Count",Nutrition Drinks,12.46,$12.46,26.0 ¢/fl oz
"(3 pack) Spring Valley Weight Management Dietary Supplement Vegetarian Gummies, Apple, 400 Mcg, 60 Count",Dietary Supplements,29.64,$29.64,16.5 ¢/count
"(3 pack) Optimum Nutrition, Micronized Creatine Powder, Unflavored 60 Servings",Amino Acid Supplements,44.91,$44.91,$1.42/oz
"Premier Protein 100% Whey Protein Powder, Vanilla Milkshake, 30g Protein, 23.3 oz, 1.7 lb",Protein Supplements,27.68,$27.68,$1.19/oz
"Optimum Nutrition Gold Standard 100% Whey Protein Powder, Vanilla Ice Cream, 3.96 lb",Protein Supplements,65,$65.00,$1.03/oz
"Ensure Original Meal Replacement Nutrition Shake, Banana Nut, 8 fl oz, 6 Count",Nutrition Drinks,9.78,$9.78,20.4 ¢/fl oz
"Natures Bounty Advanced Hair, Skin and Nails Vitamin, Women's Multivitamin, 2x Biotin, Strawberry Gummies, 180 Ct",Dietary Supplements,15.98,$15.98,8.9 ¢/count
"Ensure Original Nutrition Shake, 9g Protein, Butter Pecan, 8 fl oz - 6 Pack",Nutrition Drinks,9.78,$9.78,20.4 ¢/fl oz
"Ensure High Protein Nutrition Shake, Strawberry, 8 fl oz, 6 Count",Nutrition Drinks,12.46,$12.46,26.0 ¢/fl oz
"Spring Valley Potassium Heart Health Dietary Supplement Caplets, 99 mg, 250 Count",Mineral Supplements,7.57,$7.57,3.0 ¢/count
"Ensure Original Nutrition Shake, 9g Protein, Dark Chocolate, 8 fl oz - 6 Pack",Nutrition Drinks,9.78,$9.78,20.4 ¢/fl oz
"Spring Valley Extra Strength Vitamin D3 Softgels, 125 mcg (5000 IU), 100 Count, Supplement for Bone and Immune Health",Vitamin Supplements,5.94,$5.94,5.9 ¢/count
"Ensure Max Protein Shake, 30g Protein, French Vanilla, 11 fl oz, 4 Pack",Nutrition Drinks,9.97,$9.97,22.7 ¢/fl oz
"(3 pack) Nutricost Nitric Oxide Booster (2250mg) 90 Capsules -  Gluten Free, Non-GMO, 750mg Per Casule, 30 Servings",Amino Acid Supplements,20.94,$20.94,7.8 ¢/count
"Collagen C Hydrolysate with Vitamin C - Powder Supplement - Skin, Hair, Nails support - 30 Pack",Multivitamin Supplements,13.98,$13.98,$1.76/oz
"Spring Valley Vitamin D3 Softgels, 25 mcg (1000 IU), 100 Count, Supplement for Bone and Immune Health",Vitamin Supplements,4.88,$4.88,4.9 ¢/count
"Premier Protein Shake, Chocolate, 30g Protein, 11 Fl Oz, 12 Ct",Protein Supplements,23.97,$23.97,18.2 ¢/fl oz
"Body Fortress Super Advanced 100% Premium Whey Protein Powder, Vanilla, 1.74lbs (Packaging May Vary)",Protein Supplements,22.98,$22.98,82.7 ¢/oz
"(2 pack) Force Factor Total Beets, Organic Beet Root Powder Beetroot Supplement for Heart Health, Blood Pressure & Nitric Oxide, Pomegranate Berry, 30 Servings",Dietary Supplements,31.94,$31.94,$2.16/oz
"Equate High Protein Nutritional Shakes, Vanilla, 8 oz, 6 count",Nutrition Drinks,8.78,$8.78,18.3 ¢/fl oz
"Ensure Plus Meal Replacement Nutrition Shake, Milk Chocolate, 16g Protein, 8 fl oz - 6 Pack",Nutrition Drinks,14.12,$14.12,29.4 ¢/fl oz
"Spring Valley Extra Strength Vitamin B12 Supplement, 5000 mcg, Berry, 2 fl oz, Fast Acting Liquid for Metabolism Support",Vitamin Supplements,6.88,$6.88,$3.44/fl oz
"Ensure Clear Nutrition Drink, Fat-Free, Mixed Fruit, 10 fl oz, 4 Pack",Nutrition Drinks,10.27,$10.27,25.7 ¢/fl oz
"Six Star Pro Nutrition 100% Whey Protein Plus Powder Triple Chocolate Powder, 30 G Protein, 4.1 lb",Protein Supplements,38.27,$38.27,58.3 ¢/oz
"Natures Bounty Garlic 1000 mg Softgels, Heart & Circulatory Health Support, Herbal Health, 100 Count",Herbal Supplements,4.47,$4.47,4.5 ¢/count
"Spring Valley Tart Cherry with Vitamin C Dietary Supplement Vegetarian Gummies, 1200 mg, 60 Count",Dietary Supplements,6.88,$6.88,11.5 ¢/count
"Six Star Pro Nutrition 100% Whey Protein Powder Plus, 30g Protein, Vanilla Cream, 1.81 lbs",Protein Supplements,19.76,$19.76,68.6 ¢/oz
"Atkins Protein Shake, Iced Coffee Caf Caramel, Keto Friendly, 15g Protein, Caffeinated, 4 Count",Meal Replacement Drinks,7.48,$7.48,17.0 ¢/fl oz
"Equate Strawberry Plus Nutritional Shakes, 8 FL OZ, 6 Count",Nutrition Drinks,8.96,$8.96,18.7 ¢/fl oz
"Spring Valley Daily Maintenance Omega-3 From Fish Oil Dietary Supplement Softgels for General & Heart Health, Lemon Flavor, 500 mg, 60 Count",Omega Fatty Acid Supplements,8.32,$8.32,13.9 ¢/count
"Premier Protein Shake, Cake Batter Delight, 30g Protein, 11 Fl Oz, 4 Ct",Protein Supplements,9.58,$9.58,21.8 ¢/fl oz
"Spring Valley Red Yeast Rice Dietary Supplement Capsules, 600 mg, 60 Count",Dietary Supplements,6.88,$6.88,11.5 ¢/count
"Nature Made Magnesium Oxide 250 mg Tablets, Supports Muscle Relaxation, 300 Count",Mineral Supplements,9.98,$9.98,3.3 ¢/count
"Premier Protein 100% Whey Protein Powder, Chocolate Milkshake, 30g Protein, 24.5 oz, 1.5 lb",Protein Supplements,27.68,$27.68,$1.13/oz
"Spring Valley Vitamin E Dietary Supplement Softgels for Heart Health, 180 mg, 100 Count",Dietary Supplements,6.94,$6.94,6.9 ¢/count
"RYSE Loaded Protein Powder, Jet Puffed Marshmallow, 20 Servings, 25g Protein, Post Workout",Protein Supplements,29.64,$29.64,$1.24/oz
"Equate High Performance Protein Shake, Vanilla, 30g Protein, 11 fl oz, 4 Count",Nutrition Drinks,7.48,$7.48,17.0 ¢/fl oz
"Spring Valley Cinnamon Plus Chromium Metabolism Support Dietary Supplement Capsules, 500 mg, 180 Count",Dietary Supplements,7.96,$7.96,4.4 ¢/count
"Nature Made Flaxseed Oil 1400 mg Softgels, Dietary Supplement, Heart Health Support, 90 Ct",Vitamin Supplements,9.48,$9.48,10.5 ¢/count
"OWYN Pro Elite 32g High Protein Shakes, Vanilla, 11.15 fl oz, 4 Count",Protein Supplements,7.47,$7.47,16.7 ¢/fl oz
"Ensure High Protein Nutrition Shake, Milk Chocolate, 8 fl oz, 24 Count",Nutrition Drinks,40.76,$40.76,21.2 ¢/fl oz
"Spring Valley Proactive Support Omega-3 Mini from Fish Oil Dietary Supplement Mini Softgels, 1000 mg, 120 Count",Omega Fatty Acid Supplements,14.97,$14.97,12.5 ¢/count
"(3 pack) GU Energy Labs, Sports Nutrition Booster Running Gel, Raspberry Lemonade, 1.1 oz Packet",Dietary Supplements,5.94,$5.94,$1.80/oz
"(3 pack) Spring Valley Vitamin A Supplement Softgels for Immune Health, 2400 mcg , 250 Count",Vitamin Supplements,14.64,$14.64,2.0 ¢/count
"EHP LABS OxyShred Pre Workout Powder with L Glutamine & Acetyl L Carnitine, Energy Boost Drink - Cosmic Blast, 33 Servings",Amino Acid Supplements,29.98,$29.98,$2.95/oz
"Muscle Milk Genuine Protein Powder, Vanilla, 32g Protein, 1.9lb, 30.9oz",Protein Supplements,23.18,$23.18,75.0 ¢/oz
"OLLY Kids Multivitamin + Probiotic Gummy, Daily Digestive Supplement for Kids, Zinc, 100 Ct",Multivitamin Supplements,14.97,$14.97,15.0 ¢/count
"Spring Valley Cod Liver Oil plus Vitamins A and D3 Dietary Supplement Softgels for Immune Health, 100 Count",Dietary Supplements,4.88,$4.88,4.9 ¢/count
"Nature Made Magnesium Citrate 250 mg per Serving Softgels, Magnesium Supplement, 140 Count",Mineral Supplements,17.88,$17.88,12.8 ¢/count
"BOOST Original Balanced Nutritional Drink Protein Shakes, Rich Chocolate, 8 fl oz, 24 Pack",Nutrition Drinks,35.12,$35.12,18.3 ¢/fl oz
"Body Fortress Super Advanced 100% Premium Whey Protein Powder, Strawberry, 1.78lbs (Packaging May Vary)",Protein Supplements,22.98,$22.98,80.6 ¢/oz
"Nurri Ultra-Filtered Milkshake, 30g of Protein, Mocha, 11 fl oz Can",Nutrition Drinks,2.47,$2.47,22.5 ¢/fl oz
"Natures Bounty Hair Growth Gummies with Biotin, Silicon & Arginine  Beauty Supplement, Peach Mango Flavor, 60 Count",Vitamin Supplements,16.98,$16.98,28.3 ¢/count
"SlimFast High Protein 20g Ready To Drink Meal Replacement Shake Creamy Chocolate, 11oz, 12ct",Meal Replacement Drinks,19.97,$19.97,15.1 ¢/fl oz
"Quest Nutrition Peanut Butter Cups, High Protein, Low Carb, Gluten Free, Keto Friendly, 4ct",Protein Supplements,8.88,$8.88,$1.51/oz
"PediaSure Grow & Gain with Immune Support, 7g Protein, Chocolate, 8-fl-oz Bottle, Pack of 6",Pediatric Nutrition Shakes,12.97,$12.97,27.0 ¢/fl oz
"Ensure Plus Meal Replacement Nutrition Shake, Milk Chocolate, 16g Protein, 8 fl oz - 16 Pack",Nutrition Drinks,35,$35.00,27.3 ¢/fl oz
"Dymatize ISO100 Hydrolyzed Whey Isolate Protein Powder, Fruity Pebbles, 20 servings",Protein Supplements,36.97,$36.97,$1.74/oz
"Muscle Milk Genuine Protein Shake Strawberries 'n Crme, 11 fl oz Carton, 4 Pk",Protein Supplements,7.98,$7.98,18.1 ¢/fl oz
"CON-CRET Creatine HCl Gummies, Sour Berry Zing Flavor, Supports Muscle & Brain Health, 60 Count",Amino Acid Supplements,18.97,$18.97,31.6 ¢/count
"Nurri Ultra-Filtered Milkshake, 30g of Protein, Chocolate, 11 fl oz Can",Nutrition Drinks,2.47,$2.47,22.5 ¢/fl oz
"Spring Valley Triple Strength Glucosamine Chondroitin Dietary Supplement Tablets for Joint Health, 40 Count",Dietary Supplements,9.53,$9.53,23.8 ¢/count
"Bolthouse Farms Protein Shake, Protein Plus Chocolate, 15.2 fl. oz. Bottle",Nutrition Drinks,3.64,$3.64,23.9 ¢/fl oz
"(3 pack) Spring Valley Magnesium Sleep Support Bone & Joint Health Dietary Supplement Vegetarian Capsules, 200 mg, 60 Count",Dietary Supplements,14.22,$14.22,7.9 ¢/count
"Garden of Life Organic Plant-Based Protein Powder, Chocolate, 20g Protein Shake Drink, Vegan, Probiotics, Digestive Enzymes, 20oz",Protein Supplements,19.97,$19.97,99.9 ¢/oz
"Equate Black Elderberry Dietary Supplement Gummies, 50 mg, 60 Count, Compare to Sambucol Black Elderberry Gummies",Dietary Supplements,8.38,$8.38,14.0 ¢/count
"Spring Valley Cinnamon Plus Chromium Dietary Supplement Capsules for Metabolism, 1000 mg, 180 Count",Dietary Supplements,9.97,$9.97,5.5 ¢/count
Dr. Stephanie's Blood Sugar 24 Hour Daily Support Supplement - Pancreas Support with Cinnamon,Mineral Supplements,29.98,$29.98,50.0 ¢/count
"(2 pack) Collagen C Hydrolysate with Vitamin C - Powder Supplement - Skin, Hair, Nails support - 30 Pack",Vitamin Supplements,27.96,$27.96,$1.76/oz
"Oikos Protein Shake, Shelf Stable, Chocolate, 30g Protein, 12 fl oz, 4 Count Bottles",Protein Supplements,8.97,$8.97,18.7 ¢/fl oz
"Ensure Max Protein Shake, 30g Protein, Milk Chocolate, 11 fl oz, 4 Pack",Nutrition Drinks,9.97,$9.97,22.7 ¢/fl oz
"Qunol Ultra CoQ10 Softgel, 200mg, Heart Health Dietary Supplement, 30 Count",Dietary Supplements,14.88,$14.88,49.6 ¢/count
"Spring Valley Extra Strength Vitamin D3 Softgels, 125 mcg (5000 IU), 250 Count, Supplement for Bone and Immune Health",Vitamin Supplements,6.88,$6.88,2.8 ¢/count
"Premier Protein Shake, Caf Latte, 30g Protein, 11 fl oz, 12 Ct",Protein Supplements,23.97,$23.97,18.2 ¢/fl oz
Caltrate 600+D3 Calcium and Vitamin D Supplement Tablets - 200 Count,Vitamin Supplements,13.48,$13.48,6.7 ¢/count
"Nurri Ultra-Filtered Milkshake, 30g of Protein, Vanilla, 11 fl oz Can",Nutrition Drinks,2.47,$2.47,22.5 ¢/fl oz
"MaryRuth's Kids Liquid Nighttime Multimineral for Children's Health Ages 1+, Berry Sherbet, Sugar Free, 15.22 fl oz",Multivitamin Supplements,21.98,$21.98,$1.44/fl oz
"(3 pack) Spring Valley Extra Strength Biotin Plus Keratin Dietary Supplement Tablets for Hair/Skin/Nail Health, 10,000 mcg, 60 Count",Dietary Supplements,14.22,$14.22,7.9 ¢/count
"Premier Protein Shake, Vanilla, 30g Protein, 11 fl oz, 4 Ct",Protein Supplements,9.58,$9.58,21.8 ¢/fl oz
"BOOST Original Balanced Nutritional Drink Protein Shakes, Very Vanilla, 8 fl oz, 15 Pack",Nutrition Drinks,22.12,$22.12,18.4 ¢/fl oz
"Dymatize ISO100 Hydrolyzed Whey Isolate Protein Powder, Gourmet Vanilla, 20 Servings",Protein Supplements,33.43,$33.43,$1.56/oz
"Premier Protein Shake, Caramel, 30g Protein, 11 fl oz, 12 Ct",Protein Supplements,23.97,$23.97,18.2 ¢/fl oz
"(3 pack) Spring Valley Extra Strength Hair Skin & Nails Collagen Support Softgels, 5000 mcg Biotin, 120 Count",Vitamin Supplements,20.64,$20.64,5.7 ¢/count
"Premier Protein Shake, Chocolate, 30g Protein, 11 Fl Oz, 4 Ct",Protein Supplements,9.58,$9.58,21.8 ¢/fl oz
Legendary Foods Protein Sweet Roll - Cinnamon 4 Pk,Protein Supplements,9.87,$9.87,$1.11/oz
"Ensure Max Protein Shake, 30g Protein, French Vanilla, 11 fl oz, 12 Pack",Nutrition Drinks,27.97,$27.97,21.2 ¢/fl oz
"Spring Valley Ultra Strength Melatonin Sleep Support Dietary Supplement Vegetarian Gummies, 12 mg, 60 Count",Dietary Supplements,9.88,$9.88,16.5 ¢/count
"Equate Advanced Eye Health Complex Minigels Dietary Supplement, 140 Count, Compare vs PreserVision AREDS 2 Formula Minigels",Dietary Supplements,21.32,$21.32,15.2 ¢/count
"Equate Immune Support Dietary Supplement Effervescent Tablets, Orange Flavor, 10 Count, Compare to Airborne Immunity Support Dietary Ingredients",Dietary Supplements,5.74,$5.74,57.4 ¢/count
"BOOST 20g High Protein Nutritional Drink Shakes, Very Vanilla, 8 fl oz, 15 Pack",Nutrition Drinks,25.33,$25.33,21.1 ¢/fl oz
"(3 pack) Pure Protein Strawberry Milkshake Complete Protein Shake, 11 fl oz, 4 Ct",Nutrition Drinks,25.41,$25.41,19.3 ¢/fl oz
"L'il Critters PJ Masks Melatonin Gummy Supplements, Supports Sleep, 60 Gummy Vitamins",Dietary Supplements,7.46,$7.46,12.4 ¢/count
"Atkins Protein Shake, Milk Chocolate Delight, 15g Protein, Keto Friendly, 11.0 oz., 12 Count",Nutrition Drinks,20.97,$20.97,15.9 ¢/fl oz
"Pure Protein Strawberry Milkshake Complete Protein Shake, 11 fl oz, 4 Ct",Protein Supplements,8.47,$8.47,19.3 ¢/fl oz
"(2 pack) Optimum Nutrition Gold Standard 100% Whey Protein Powder, Vanilla Ice Cream, 3.96 lb",Protein Supplements,130,$130.00,$1.03/oz
"Ensure Max Protein Shake, 30g Protein, Milk Chocolate, 11 fl oz, 12 Pack",Nutrition Drinks,27.97,$27.97,21.2 ¢/fl oz
"Premier Protein Shake, Strawberries & Cream, 30g Protein, 11 Fl Oz, 12 Ct",Protein Supplements,23.97,$23.97,18.2 ¢/fl oz
"Barebells Protein Bars with 20g High Protein, 1.9oz Bars, Cookies & Cream - 4 Count","Nutrition Bars, Gels & Chews",9.34,$9.34,$1.20/oz
"Premier Protein Shake, Cookies & Cream, 30g Protein, 4 Ct",Protein Supplements,9.58,$9.58,21.8 ¢/fl oz
"BOOST 20g High Protein Nutritional Drink Shakes, Rich Chocolate, 8 fl oz, 24 Pack",Nutrition Drinks,34.98,$34.98,18.2 ¢/fl oz
"BOOST Original Balanced Nutritional Drink Protein Shakes, Rich Chocolate, 8 fl oz, 15 Pack",Nutrition Drinks,22.12,$22.12,18.4 ¢/fl oz
"(4 pack) Core Power Elite High Protein Strawberry Protein Shake, Single Serve, 14 fl oz, Bottle",Protein Supplements,21.12,$21.12,37.7 ¢/fl oz
"(2 pack) Optimum Nutrition Gold Standard 100% Whey Protein Powder, Double Rich Chocolate, 3.89 lb",Protein Supplements,129.98,$129.98,$1.05/oz
"Spring Valley Vitamin C with Rose Hips, 500 mg, 100 Count, Dietary Supplement Tablets for Immune Health",Vitamin Supplements,4.74,$4.74,4.7 ¢/count
"BUILT Puff Protein Bar, Cookies N' Cream, 17g Protein, Collagen, 150 Calories, 4 Count Box, 1.41 oz Bars",Protein Supplements,8.98,$8.98,$1.59/oz
"Equate Protein Shake, Vanilla, 11 fl oz, 12 Count",Nutrition Drinks,20.98,$20.98,15.9 ¢/fl oz
"Carnation Breakfast Essentials High Protein Nutritional Drink Shakes, Rich Milk Chocolate Breakfast Shake, 8 fl oz, 6 Pack",Nutrition Drinks,7.97,$7.97,16.6 ¢/fl oz
"Spring Valley Vitamin D3 Softgels, 50 mcg (2,000 IU), 400 Count, Supplement for Bone and Immune Health",Vitamin Supplements,8.74,$8.74,2.2 ¢/count
"Dymatize ISO100 Hydrolyzed Whey Isolate Protein Powder, Cocoa Pebbles, 20 servings",Protein Supplements,36.97,$36.97,$1.61/oz
"Bolthouse Farms Protein Shake Smoothie, Protein Plus Chocolate Peanut Butter, 15.2 fl. oz.",Nutrition Drinks,3.64,$3.64,23.9 ¢/fl oz
"Premier Protein Shake, Vanilla, 30g Protein, 11 fl oz, 12 Ct",Protein Supplements,23.97,$23.97,18.2 ¢/fl oz
"Nature Made Extra Strength Vitamin C 1000 mg Tablets, Dietary Supplement, 105 Count",Vitamin Supplements,8.96,$8.96,8.5 ¢/count
"Spring Valley Extra Strength Melatonin Tablets Sleep Support Dietary Supplement, 10 mg, 120 Count",Dietary Supplements,8.74,$8.74,7.3 ¢/count
"(3 pack) Neuriva Original Brain Health Supplement, Support for Memory & Focus, 30ct Capsules",Dietary Supplements,89.01,$89.01,98.9 ¢/count
"(4 pack) Core Power Elite High Protein Shake with 42g Protein by fairlife Milk, Vanilla, 14 fl oz",Protein Supplements,16.88,$16.88,30.1 ¢/fl oz
"(2 pack) Spring Valley Vitamin  with Rose Hips Dietary Supplement Tablets for Immune Health, 1000 mg, 100 Count",Vitamin Supplements,13.04,$13.04,6.5 ¢/count
"Spring Valley Non GMO Melatonin Sleep Support Dietary Supplement Gummies, Strawberry, 5 mg, 120 Count",Dietary Supplements,8.88,$8.88,7.4 ¢/count
"Nature's Way Sambucus Elderberry Immune Gummies, with Vitamins C, D3, & Zinc, Unisex, 60 Count",Dietary Supplements,12.69,$12.69,21.2 ¢/count
"Nature's Bounty Vitamin C 1000mg Caplets, Immune Support, Antioxidant Supplement, Non-GMO, Gluten-Free, 100 Count",Vitamin Supplements,3.93,$3.93,3.9 ¢/count
"Premier Protein Shake, Bananas & Cream, 30g Protein, 11 Fl Oz, 4 Ct",Protein Supplements,9.58,$9.58,21.8 ¢/fl oz
"Spring Valley Rapid-Release CoQ10 Dietary Supplement Softgels for Heart Health, 200 mg, 60 Count",Dietary Supplements,18.96,$18.96,31.6 ¢/count
"Spring Valley Vitamin D3 Softgels, 50 mcg (2,000 IU), 200 Count,  Supplement for Bone and Immune Health",Vitamin Supplements,7.96,$7.96,4.0 ¢/count
"Spring Valley Zero Sugar Kids Melatonin Sleep Support Dietary Supplement Gummies, Blackberry and Raspberry, 1 mg, 60 Count",Vitamin Supplements,6.88,$6.88,11.5 ¢/count
"Core Power Elite High Protein Shake with 42g Protein by fairlife Milk, Vanilla, 14 fl oz",Protein Supplements,4.88,$4.88,34.9 ¢/fl oz
"(4 pack) Core Power Elite High Protein Shake with 42g Protein by fairlife Milk, Chocolate, 14 fl oz",Protein Supplements,16.88,$16.88,30.1 ¢/fl oz
"(2 pack) Ensure Plus Meal Replacement Nutrition Shake, Strawberry, 16g Protein, 8 fl oz - 6 Pack",Nutrition Drinks,28.24,$28.24,29.4 ¢/fl oz
"Spring Valley Non GMO Elderberry Dietary Supplement Gummies for Immune Health, 50 mg, 120 Count",Dietary Supplements,12.48,$12.48,10.4 ¢/count
"Pure Protein Bars, Chocolate Peanut Butter, 20g Protein, Gluten Free, 1.76 oz, 4 Ct",Protein Supplements,4.97,$4.97,71.0 ¢/oz
"Glucerna Original Diabetic Protein Shake, Homemade Vanilla, 8 fl oz Bottle, 6 Count",Nutrition Drinks,10.97,$10.97,22.9 ¢/fl oz
"Spring Valley Non GMO Melatonin Sleep Support Dietary Supplement Gummies, Strawberry, 5 mg, 180 Count",Dietary Supplements,12.88,$12.88,7.2 ¢/count
"(3 pack) Spring Valley Fenugreek Dietary Supplement Vegetarian Capsules for General Wellness, 610 mg, 100 Count",Dietary Supplements,23.64,$23.64,7.9 ¢/count
"Spring Valley Extra Strength Vitamin B12 Supplement, Cherry, 5000 mcg, 300 Count, Fast Dissolve Tablets for Metabolism Support",Vitamin Supplements,23.12,$23.12,7.7 ¢/count
"Equate High Performance Protein Shake, Caramel, 11 fl oz, 4 Count",Nutrition Drinks,7.48,$7.48,17.0 ¢/fl oz
"BOOST 20g High Protein Nutritional Drink Shakes, Very Vanilla, 8 fl oz, 6 Pack",Nutrition Drinks,10.48,$10.48,21.8 ¢/fl oz
"MaryRuth Organics Kids Multivitamin Gummies, Children's Health, Sugar-Free, Strawberry Papaya Super Punch, 30 Count",Multivitamin Supplements,12.99,$12.99,43.3 ¢/count
"Spring Valley Vitamin D3 Softgels, 250 mcg (10,000 IU), 200 count, Supplement for Bone and Immune Health",Vitamin Supplements,9.88,$9.88,4.9 ¢/count
"Quest Protein Bar, White Chocolate Raspberry, 20g Protein, Gluten Free, 4 Ct",Protein Supplements,8.88,$8.88,$1.05/oz
"Spring Valley Fast-Dissolve Melatonin Sleep Support Dietary Supplement Tablets, 3 mg, 120 Count",Dietary Supplements,5.94,$5.94,5.0 ¢/count
"Nature's Way Sambucus Immune Gummies for Kids, with Elderberry Extract, Vitamin C and Zinc, 40 Count",Vitamin Supplements,11.53,$11.53,28.8 ¢/count
"BOOST Glucose Control Nutritional Drink Protein Shakes, Very Vanilla, 8 fl oz, 6 Pack",Nutrition Drinks,10.18,$10.18,21.2 ¢/fl oz
"Spring Valley Ultra Strength Melatonin Sleep Support Dietary Supplement Fast-Dissolve Tablets, 12 mg, 60 Count",Dietary Supplements,7.42,$7.42,12.4 ¢/count
"Emergen-C Immune+ Vitamin C Powder Supplement for Immune Support, Elderberry, Back to School Essentials - 18 Ct",Dietary Supplements,16.78,$16.78,93.2 ¢/count
"(2 pack) Neuriva Original Brain Health Supplement, Support for Memory & Focus, 30ct Capsules",Dietary Supplements,59.34,$59.34,98.9 ¢/count
"Equate Children's Black Elderberry Dietary Supplement Gummies for Immune Support, 50mg, Natural Elderberry Flavor, Ages 2 and Up, 60 Count",Dietary Supplements,8.78,$8.78,14.6 ¢/count
"Atkins Chocolate Flavored High Protein Shake, Low Sugar and Low Carb, Keto-Friendly Protein Shake, 4 Ct",Nutrition Drinks,7.48,$7.48,17.0 ¢/fl oz
"Quest Protein Bar, Smores, 20g Protein, Gluten Free, 4 Count",Protein Supplements,9.47,$9.47,$1.11/oz
"BOOST Plus Nutritional Drink Protein Shakes, Rich Chocolate, 8 fl oz, 12 Pack",Nutrition Drinks,21.44,$21.44,22.3 ¢/fl oz
"(3 pack) Equate Original Meal Replacement Nutritional Shakes, Chocolate, 8 fl oz, 24 Count",Nutrition Drinks,81.36,$81.36,14.1 ¢/fl oz
"(2 pack) Premier Protein Shake, Chocolate, 30g Protein, 11 Fl Oz, 12 Ct",Protein Supplements,50.34,$50.34,19.1 ¢/fl oz
"(3 pack) Spring Valley Proactive Support Omega-3 Mini from Fish Oil Dietary Supplement Mini Softgels, 1000 mg, 120 Count",Dietary Supplements,44.91,$44.91,12.5 ¢/count
"Spring Valley Rapid-Release CoQ10 Dietary Supplement Softgels for Heart Health, 300 mg, 60 Count",Dietary Supplements,19.88,$19.88,33.1 ¢/count
"Spring Valley Melatonin Sleep Dietary Supplement Fast-Dissolve Tablets, Strawberry, 5 mg, 120 Count",Dietary Supplements,6.88,$6.88,5.7 ¢/count
"(4 pack) Core Power Protein Shake with 26g Protein by fairlife Milk, Vanilla, 14 fl oz",Protein Supplements,12.88,$12.88,23.0 ¢/fl oz
"Neuriva Plus Brain Health Supplement, Vitamins B12 & B6, Support for Memory and Focus, 30ct Capsules",Vitamin Supplements,39.88,$39.88,$1.33/count
"Core Power Elite High Protein Shake with 42g Protein by fairlife Milk, Chocolate, 14 fl oz",Protein Supplements,5.28,$5.28,37.7 ¢/fl oz
"(3 pack) Equate Original Nutritional Shake, Strawberry, 8 fl oz, 24 Count",Nutrition Drinks,81.36,$81.36,14.1 ¢/fl oz
"Quest Protein Bar, Chocolate Brownie, 20g Protein, Gluten Free, 4 Count",Protein Supplements,9.47,$9.47,$1.11/oz
"Mommy's Bliss Kids Sleep Gummies, Dietary Supplement, Strawberry, 66 Count",Dietary Supplements,12.97,$12.97,19.7 ¢/count
"FITCRUNCH Chocolate Brownie Protein Bar, 16Gg, 4ct",Protein Supplements,4.97,$4.97,76.7 ¢/oz
"Carnation Breakfast Essentials High Protein Nutritional Drink Shakes, Rich Milk Chocolate Breakfast Shakes, 8 fl oz, 12 Pack",Nutrition Drinks,14.97,$14.97,15.6 ¢/fl oz
"Spring Valley Kids Melatonin Liquid Dietary Supplement for Sleep Support - Berry - 1 mg, 1 fl oz",Vitamin Supplements,5.94,$5.94,$5.94/fl oz
"Spring Valley Melatonin Tablets Sleep Support Dietary Supplement, 5 mg, 120 Count",Dietary Supplements,4.74,$4.74,4.0 ¢/count
"Atkins Caf Caramel Iced Coffee Flavor High Protein Shake, 15g of Protein, 1g Sugar, Low Carb and Low Sugar Protein Shakes, Keto Friendly, 12 Count",Nutrition Drinks,20.97,$20.97,15.9 ¢/fl oz
"(3 pack) Force Factor Total Beets, Organic Beet Root Powder Beetroot Supplement for Heart Health, Blood Pressure & Nitric Oxide, Pomegranate Berry, 30 Servings",Dietary Supplements,47.91,$47.91,$2.16/oz
"Quest Soft & Chewy Protein Cookie, High Protein, Chocolate Chip, 4 Count",Protein Supplements,8.88,$8.88,$1.07/oz
"(3 pack) Spring Valley Vitamin E Dietary Supplement Softgels for Heart Health, 180 mg, 100 Count",Vitamin Supplements,20.82,$20.82,6.9 ¢/count
"Spring Valley Zero Sugar Kids Melatonin Sleep Support Dietary Supplement Gummies, Raspberry and Blackberry, 1 mg, 120 Count",Dietary Supplements,8.74,$8.74,7.3 ¢/count
"Quest Frosted Protein Cookie, Strawberry Cake Flavored, 8 Count",Protein Supplements,8.88,$8.88,$1.26/oz
"vitafusion Melatonin Sugar Free Sleep Aid Gummy Vitamins, White Tea & Peach Flavor, 3 mg, 140 Count",Dietary Supplements,11.97,$11.97,8.6 ¢/count
"(3 pack) Spring Valley Zinc with Vitamin D, 50 mg, 150 Count, Dietary Supplement Capsules for Immune Health",Dietary Supplements,17.82,$17.82,4.0 ¢/count
"BOOST Glucose Control Nutritional Drink Protein Shakes, Rich Chocolate, 8 fl oz, 6 Pack",Nutrition Drinks,11.46,$11.46,23.9 ¢/fl oz
"Spring Valley Kids Melatonin Chewable Tablets Sleep Support Dietary Supplement, Grape Flavor, 1 mg, 60 Count",Dietary Supplements,4.74,$4.74,7.9 ¢/count
"Atkins Creamy Vanilla Protein Shake, High Protein, Low Carb, Low Sugar, Keto Friendly, 12 Count (Value Pack)",Nutrition Drinks,20.97,$20.97,15.9 ¢/fl oz
"(4 pack) Core Power Protein Shake with 26g Protein by fairlife Milk, Strawberry Banana, 14 fl oz",Nutrition Drinks,12.88,$12.88,23.0 ¢/fl oz
"Equate Melatonin Dietary Supplement, 10 mg, 90 Vegetarian Gummies, Compare to Natrol Melatonin Gummies",Vitamin Supplements,9.43,$9.43,10.5 ¢/count
"Quest Crispy Protein Bar, 15g Protein, Chocolate Caramel Pecan Flavored, Gluten Free, 4 Count",Protein Supplements,9.47,$9.47,$1.11/oz
"(3 pack) Spring Valley Standardized Extract Milk Thistle Dietary Supplement Capsules, 175 mg, 90 Count",Dietary Supplements,23.64,$23.64,8.8 ¢/count
"OLLY Kids Sleep Gummy Supplement, 0.5mg Melatonin, L-Theanine, Raspberry Flavored, 50 Ct",Dietary Supplements,11.47,$11.47,22.9 ¢/count
"Equate Fast Acting Dairy Digestive Dietary Supplements, 60 Count, Compare to the Lactase Enzyme in Lactaid Fast Act*",Dietary Supplements,8.97,$8.97,15.0 ¢/count
"BUILT Puff Protein Bar, Brownie Batter, 17g Protein, Collagen, 140 Calories, 4 Count Box, 1.41 oz Bars","Nutrition Bars, Gels & Chews",8.98,$8.98,$1.60/oz
"OLLY Kids Sleep Gummy Supplement, 0.5mg Melatonin, L-Theanine, Raspberry Flavored, 90 Ct",Dietary Supplements,17.87,$17.87,19.9 ¢/count
"(4 pack) Spring Valley Biotin Dietary Supplement Softgels for Hair/Skin/Nails Health, 5,000 mcg, 240 Count",Dietary Supplements,39.52,$39.52,4.1 ¢/count
"LALA Probiotic Protein Yogurt Smoothie Drink, Low Fat, Strawberry, 7 oz Plastic Bottle (10 Ct)",Nutrition Drinks,9.87,$9.87,14.1 ¢/fl oz
Legendary Foods Protein Pastry - Brown Sugar Cinnamon 4 Pack | Protein Snack | Gluten-Free| Keto Friendly,Protein Supplements,8.87,$8.87,$1.03/oz
"Atkins Dark Chocolate Royale Flavored High Protein Shake, Keto Shake, Low Carb Protein Shake, 4 Ct",Nutrition Drinks,6.98,$6.98,15.9 ¢/fl oz
"(3 pack) CON-CRET Creatine HCl Gummies, Sour Berry Zing Flavor, Supports Muscle & Brain Health, 60 Count",Amino Acid Supplements,56.91,$56.91,31.6 ¢/count
"(3 pack) Spring Valley Fish Oil Omege-3 Dietary Supplement Softgels for Heart Health, 1000 mg, 300 Count",Dietary Supplements,74.64,$74.64,8.3 ¢/count
"Quest Crispy Protein Bar, Cookies & Cream Flavor, Protein Rich, Low Sugar, 4 Count",Protein Supplements,9.47,$9.47,$1.30/oz
"Nature Made Prenatal Vitamins Softgels + Choline Supplement Capsules, 70 Count",Vitamin Supplements,29.98,$29.98,42.8 ¢/count
"(2 pack) Mommy's Bliss Kids Sleep Chewable, Grape, Dietary Supplement, Contains Melatonin, Magnesium & Calming Herbs, 35 Count",Dietary Supplements,13.94,$13.94,19.9 ¢/count
"FITCRUNCH Peanut Butter WAFER Protein Bar, 16g, 4ct",Protein Supplements,4.97,$4.97,78.1 ¢/oz
"Garden of Life Dr. Formulated Prenatal Pregnancy Women's Multivitamins + DHA with Folate & Iron for Mom's Nutrition & Baby's Development, 30 Count",Dietary Supplements,20.98,$20.98,69.9 ¢/count
"Equate Diabetic Care Nutritional Shakes, Strawberry, 8 fl oz, 6 Count Compare to Glucerna Strawberry",Nutrition Drinks,8.94,$8.94,18.6 ¢/fl oz
"(2 pack) Ensure Original Nutrition Shake, 9g Protein, Milk Chocolate, 8 fl oz - 16 Pack",Nutrition Drinks,49.26,$49.26,19.2 ¢/fl oz
"Gatorade Protein Bars, Peanut Butter Chocolate, 20g Protein, 6 Bars","Nutrition Bars, Gels & Chews",9.97,$9.97,59.0 ¢/oz
"Glucerna Original Diabetic Protein Shake, Rich Chocolate, 8 fl oz Bottle, 6 Count",Nutrition Drinks,10.97,$10.97,22.9 ¢/fl oz
"(3 pack) Nature Made Chewable Vitamin C 500 mg Tablets, Dietary Supplement, 70 Count",Vitamin Supplements,19.32,$19.32,9.2 ¢/count
"(3 pack) Spring Valley NAC Dietary Supplement Vegetarian Capsules for Antioxidant Support, 1000 mg, 100 Count",Dietary Supplements,37.44,$37.44,12.5 ¢/count
"(3 pack) Spring Valley Vitamin E Dietary Supplement Softgels for Heart Health, 180 mg, 500 Count",Dietary Supplements,50.82,$50.82,3.4 ¢/count
"(3 pack) Ensure Original Nutrition Shake, 9g Protein, Milk Chocolate, 8 fl oz - 16 Pack",Nutrition Drinks,73.89,$73.89,19.2 ¢/fl oz
"(3 pack) Spring Valley Hair, Skin & Nails Dietary Supplement Caplets, 240 Count",Dietary Supplements,36.36,$36.36,5.1 ¢/count
"Sambucol Black Elderberry Kids Advanced Immune Syrup, 4oz.",Dietary Supplements,10.23,$10.23,$2.56/fl oz
"(3 pack) BOOST Original Balanced Nutritional Drink Protein Shakes, Very Vanilla, 8 fl oz, 15 Pack",Nutrition Drinks,66.36,$66.36,18.4 ¢/fl oz
"Quest Frosted Protein Cookies, Low Carb, Gluten-Free, Birthday Cake, 8 Count",Protein Supplements,8.88,$8.88,$1.25/oz
"Quest Bake Shop Protein Muffins, Blueberry Flavor, 10g Protein, 3g of Sugar, 4 Count",Protein Supplements,8.88,$8.88,$1.10/oz
"Equate Diabetic Care Nutritional Shakes, Vanilla, 8 fl oz, 6 Count Compare to Glucerna Vanilla",Nutrition Drinks,8.94,$8.94,18.6 ¢/fl oz
"Quest Chocolate Chip Cookie Dough Protein Bar, 8pk",Protein Supplements,17.57,$17.57,$1.03/oz
"Quest Protein Bar, Chocolate Peanut Butter Flavor, High Protein, Gluten Free, 2.12oz, 4 Count","Nutrition Bars, Gels & Chews",9.47,$9.47,$1.11/oz
"Quest Bake Shop Brownies, Chocolate Flavor, 10g Protein, 4 Count",Protein Supplements,5.13,$5.13,64.9 ¢/oz
"(3 pack) Spring Valley Kids Melatonin Liquid Dietary Supplement for Sleep Support - Berry - 1 mg, 1 fl oz",Dietary Supplements,17.82,$17.82,$5.94/fl oz
"Glucerna Hunger Smart Diabetes Care Shake, Classic Chocolate, 10 Fl Oz, 12 Pack",Nutrition Drinks,22.97,$22.97,19.1 ¢/fl oz
Legendary Foods Protein Pastry - Chocolate Cake 4 Pack | Protein Snack | Gluten-Free| Keto Friendly,Protein Supplements,8.87,$8.87,$1.03/oz
"(3 pack) Jet-Alert Double Strength Caffeine 200 mg Caplets, 90 Ct",Dietary Supplements,12.66,$12.66,4.7 ¢/count
"Quest Tortilla Style Protein Chips with 19g of Protein, Loaded Taco Flavor, 1.1 Oz, Single",Protein Supplements,2.78,$2.78,$2.53/oz
Legendary Foods Protein Pastry - Strawberry 4 Pack | Protein Snack | Keto Friendly | Gluten-Free,Protein Supplements,8.87,$8.87,$1.03/oz
"(3 pack) BOOST Glucose Control Nutritional Drink Protein Shakes, Rich Chocolate, 8 fl oz, 15 Pack",Nutrition Drinks,79.32,$79.32,22.0 ¢/fl oz
"Equate Diabetic Care Nutritional Shakes, Chocolate, 8 fl oz, 6 Count Compare to Glucerna Chocolate",Nutrition Drinks,8.94,$8.94,18.6 ¢/fl oz
"Glucerna Hunger Smart Diabetes Care Shake, Classic Vanilla, 10 Fl Oz, 12 Pack",Meal Replacement Drinks,22.97,$22.97,19.1 ¢/fl oz
"(3 pack) Spring Valley Kids Melatonin Chewable Tablets Sleep Support Dietary Supplement, Grape Flavor, 1 mg, 60 Count",Dietary Supplements,14.22,$14.22,7.9 ¢/count
"Glucerna Original Diabetic Protein Shake, Creamy Strawberry, 8 fl oz Bottle, 6 Count",Nutrition Drinks,10.97,$10.97,22.9 ¢/fl oz
"Quest Protein Bar, Chocolate Chip Cookie Dough Flavored, 21g Protein, Gluten Free, 4 Count","Nutrition Bars, Gels & Chews",9.47,$9.47,$1.11/oz
"(3 pack) Spring Valley Vitamin B12 Supplement Timed-Release Tablets , 1000 mcg, 300 Count",Vitamin Supplements,28.89,$28.89,3.2 ¢/count
"Mommy's Bliss Kids Sleep Chewable, Grape, Dietary Supplement, Contains Melatonin, Magnesium & Calming Herbs, 35 Count",Dietary Supplements,6.97,$6.97,19.9 ¢/count
Legendary Foods Protein Pastry - Blueberry 4 Pack | Protein Snack | Gluten-Free| Keto Friendly,Protein Supplements,8.87,$8.87,$1.03/oz
"Glucerna Hunger Smart Diabetic Protein Shake, Classic Chocolate, 10-fl-oz Bottle, 6 Count",Meal Replacement Drinks,12.96,$12.96,21.6 ¢/fl oz
"(6 pack) Quest Nutrition Peanut Butter Cups, High Protein, Low Carb, Gluten Free, Keto Friendly, 4ct",Protein Supplements,53.28,$53.28,$1.51/oz
"Pure Protein Chocolate Deluxe Bar, 20g Protein, Low Sugar, 12 Count","Nutrition Bars, Gels & Chews",16.94,$16.94,80.3 ¢/oz
"Glucerna Hunger Smart Diabetic Protein Shake, Classic Vanilla, 10-fl-oz Bottle, 6 Count",Meal Replacement Drinks,12.96,$12.96,21.6 ¢/fl oz
"Quest Protein Chips, Sour Cream & Onion, 19g of Protein, Baked, Gluten Free, 1.1 oz Bag",Protein Supplements,2.78,$2.78,$2.53/oz
"(2 pack) Mommy's Bliss Kids Sleep Gummies, Dietary Supplement, Strawberry, 66 Count",Vitamin Supplements,25.94,$25.94,19.7 ¢/count
"Quest Hot & Spicy Protein Chip, 1.1oz",Protein Supplements,2.78,$2.78,$2.53/oz
"El Mexicano Saborico, Strawberry Protein Yogurt Drink 28 fl oz Bottle",Nutrition Drinks,4.18,$4.18,14.9 ¢/fl oz
"Quest Nutrition Tortilla Style Protein Chips, 19g Protein, Spicy Sweet Chili Flavor, Baked, Single 1.1oz Bag",Protein Supplements,2.78,$2.78,$2.53/oz
"Vicks ZzzQuil Pure Zzzs Sleep Aid Kids Melatonin Gummies, Melatonin 0.5mg + Magnesium, 42 Count",Dietary Supplements,13.47,$13.47,32.1 ¢/count
"Enfagrow Premium Toddler Nutritional Drink, To Support Picky Eaters, 32 oz Can",Toddler Formulas,29.86,$29.86,93.3 ¢/oz
"Zarbee's Children's Sleep + Immune + Melatonin Gummies, Berry, 30 Count",Dietary Supplements,14.26,$14.26,47.5 ¢/count
"Quest Tortilla Style Protein Chips, 19g Protein, Baked, Pizza Flavor, 1.1oz Bags, 4 Count",Protein Supplements,8.48,$8.48,$1.88/oz
"Equate Childrens Sleep Aid Melatonin Liquid Supplement, 1 mg, Mixed Berry Flavor, Ages 3 Years +, 1 fl oz, Compare to Zarbee's Sleep Liquid with Melatonin Ingredients",Dietary Supplements,4.98,$4.98,$4.98/fl oz
"Vicks ZzzQuil Pure Zzzs Sleep Aid Kids Melatonin Gummies, Melatonin 1mg for Children, 30 Count",Dietary Supplements,9.97,$9.97,33.2 ¢/count
"Zarbee's Children's Sleep Chewable Tablet with Melatonin, Grape, 30 Ct",Dietary Supplements,4.68,$4.68,15.6 ¢/count
"ZarbeeS Children's Sleep Gummies With Melatonin, Drug-Free, Non-Habit Forming, Natural Berry, 34Count",Dietary Supplements,9.98,$9.98,29.4 ¢/count
"(3 pack) Equate Childrens Sleep Aid Melatonin Liquid Supplement, 1 mg, Mixed Berry Flavor, Ages 3 Years +, 1 fl oz, Compare to Zarbee's Sleep Liquid with Melatonin Ingredients",Dietary Supplements,14.94,$14.94,$4.98/fl oz
"Mommy's Bliss Gripe Water Night Time Dietary Supplement with Chamomile and Lemon Balm, 1 Month+, 4 fl oz",Dietary Supplements,11.52,$11.52,$2.88/fl oz
"Yoo-hoo Chocolate Drink, 6.5 Fluid Ounce, 32 Count Boxes",Nutrition Drinks,12.16,$12.16,5.8 ¢/fl oz
"Spring Valley Turmeric Curcumin with Ginger Powder Dietary Supplement Vegetarian Capsules for General Wellness, 500 mg, 250 Count",Dietary Supplements,12.27,$12.27,4.9 ¢/count
"PLANTERS Salted Cashew Halves and Pieces, Party Snacks, Plant-Based Protein 8oz (1 Canister)",Edible Nuts,6.72,$6.72,84.0 ¢/oz
"PLANTERS Deluxe Lightly Salted Mixed Nuts, Party Snacks, Plant Based Protein 15.25 oz Steel Can",Edible Nuts,12,$12.00,78.4 ¢/oz
"Wonderful Pistachios No Shells Roasted & Salted Nuts, 12 Ounce Bag",Edible Nuts,10.38,$10.38,86.5 ¢/oz
"Great Value Deluxe Mixed Nuts, 30 oz",Edible Nuts,13.92,$13.92,46.4 ¢/oz
"Great Value Roasted & Lightly Salted Mixed Nuts, 14.75 oz",Edible Nuts,5.68,$5.68,38.5 ¢/oz
"PLANTERS Honey Roasted Peanuts, Party Snacks, Plant-Based Protein, 16 oz Jar",Edible Nuts,3.13,$3.13,19.6 ¢/oz
"Planters Deluxe Mixed Nuts with Hazelnuts, Plant Based Protein, 15.25 oz Canister",Edible Nuts,12,$12.00,78.7 ¢/oz
"PLANTERS Cashews Cinnamon & Brown Sugar, Party Snacks, Plant Based Protein, 5 oz Bag",Edible Nuts,3.97,$3.97,79.4 ¢/oz
"Southern Style Nuts, Hunter Mix, Gourmet, 30 oz",Edible Nuts,10.46,$10.46,34.9 ¢/oz
"Great Value Mixed Nuts with Peanuts, 27 oz",Edible Nuts,10.12,$10.12,37.5 ¢/oz
"PLANTERS Deluxe Salted Mixed Nuts, Party Snacks, Plant Based Protein, 34 oz Plastic Jar",Edible Nuts,20.96,$20.96,61.6 ¢/oz
"CORN NUTS Original Crunchy Corn Kernels Flavored Nuts Snack, Ready-to-Eat, Shelf-Stable, 7 oz Resealable Plastic Bag",Edible Nuts,1.98,$1.98,28.3 ¢/oz
"Great Value Lightly Salted, Deluxe Mixed Nuts, 15.25 oz",Edible Nuts,10.32,$10.32,67.5 ¢/oz
"Emerald Nuts, Cashews Roasted and Salted 100 Calorie Packs, 0.62 Oz, 10 Ct",Edible Nuts,5.38,$5.38,86.8 ¢/oz
"Wonderful Pistachios No Shells Roasted & Salted Nuts, 6 Ounce Bag",Edible Nuts,6.68,$6.68,$1.11/oz
"Wonderful Pistachios No Shells Variety, 0.75 Ounce Bags (Pack of 9)",Edible Nuts,8.68,$8.68,$1.28/oz
"PLANTERS Honey Roasted Mixed Nuts, Party Snacks, Plant Based Protein, 10 oz Steel Can",Edible Nuts,7.12,$7.12,71.2 ¢/oz
"Great Value Dry Roasted Peanuts, 16 oz",Edible Nuts,2.72,$2.72,17.0 ¢/oz
"Great Value Deluxe Cashews, 30 oz",Edible Nuts,11.48,$11.48,38.3 ¢/oz
"Great Value Chopped Walnuts, 4 oz",Edible Nuts,3.36,$3.36,84.0 ¢/oz
"Great Value Walnuts Halves & Pieces, 8 oz",Edible Nuts,5.28,$5.28,66.0 ¢/oz
"Great Value Cashew Halves & Pieces, 27 oz",Edible Nuts,9.97,$9.97,36.9 ¢/oz
"PLANTERS NUT-RITION Wholesome Nut Mix, Mixed Nuts, Plant Based Protein, 7 Count Box",Edible Nuts,5.96,$5.96,79.5 ¢/oz
"PLANTERS NUT-RITION Heart Healthy Nut Mix, Shelf Stable, Plant Based Protein, 1 oz Plastic Package (7 Count)",Trail Mixes,5.96,$5.96,79.5 ¢/oz
"PLANTERS Salted Mixed Nuts, Party Snacks, Plant Based Protein, 10.3 oz Steel Can",Edible Nuts,7.12,$7.12,69.1 ¢/oz
"PLANTERS  Whole Cashews Dill Pickle Flavored, Party Snacks, Plant Based Protein 5 oz Plastic Bag",Edible Nuts,3.97,$3.97,79.4 ¢/oz
"Great Value Honey Roasted Peanuts, 16 oz, Jar",Edible Nuts,2.72,$2.72,17.0 ¢/oz
"Great Value Roasted & Salted Pistachios, 16 oz Resealable Bag",Edible Nuts,7.42,$7.42,46.4 ¢/oz
"Great Value Roasted & Salted Mixed Nuts, 14.75 oz",Edible Nuts,5.68,$5.68,38.4 ¢/oz
"Great Value Deluxe Whole Cashews, Salted, 16 oz",Edible Nuts,7.03,$7.03,43.9 ¢/oz
"Blue Diamond Almonds, Lightly Salted Low Sodium Snack Nuts For Gluten Free Snacking, 14 oz.",Edible Nuts,7.28,$7.28,52.0 ¢/oz
"Blue Diamond Almonds, Classic and Sweet Honey Roasted Flavored Snack Nuts for Snacking, Lunches, Holiday, On-The-Go, Kids and Adults, 14oz Bag",Edible Nuts,7.28,$7.28,52.0 ¢/oz
Great Value Honey Roast Pecans 7oz,Edible Nuts,4.74,$4.74,67.7 ¢/oz
"Great Value Honey Roasted Cashews, 8.25 oz",Edible Nuts,4.38,$4.38,52.8 ¢/oz
"PLANTERS Salted Mixed Nuts, Party Snacks, Plant-Based Protein, 27 Oz Steel Can",Edible Nuts,13.12,$13.12,48.6 ¢/oz
"Great Value Deluxe Mixed Nuts, 1.5 oz, 8 Count",Edible Nuts,9.94,$9.94,82.8 ¢/oz
"PLANTERS Nut Duos Peppercorn Pistachio and Parmesan Flavored Cashew, 5 oz Resealable Bag",Edible Nuts,4.68,$4.68,93.6 ¢/oz
"Blue Diamond Almonds, Whole Natural Raw Almonds, 14 oz",Edible Nuts,7.28,$7.28,52.0 ¢/oz
"Planters Lightly Salted Mixed Nuts with Peanuts, Almonds, Cashews, Hazelnuts and Pecans, Plant Based Protein, 10.3 oz Canister",Edible Nuts,7.12,$7.12,69.8 ¢/oz
"bettergoods Raw Mixed Nuts, 10 oz",Edible Nuts,6.42,$6.42,64.2 ¢/oz
"Great Value Mixed Nuts Dessert Topping, 4 oz",Edible Nuts,1.76,$1.76,44.0 ¢/oz
"Great Value Pecan Halves, 8 oz",Edible Nuts,5.86,$5.86,73.3 ¢/oz
"PLANTERS Nut Duos Buffalo Cashew and Ranch Almond, 5 oz Resealable Bag",Edible Nuts,4.68,$4.68,93.6 ¢/oz
"Blue Diamond Almonds Honey Roasted Flavored Snack Nuts perfect for snacking and on-the-go, 6 oz",Edible Nuts,3.84,$3.84,64.0 ¢/oz
"Great Value Deluxe Whole Cashews, Unsalted, 16 oz",Edible Nuts,7.03,$7.03,43.9 ¢/oz
"Great Value Toasted Coconut Cashews, 8.25 oz",Edible Nuts,4.38,$4.38,52.8 ¢/oz
"bettergoods Praline Pecans, 10 oz",Edible Nuts,7.68,$7.68,76.8 ¢/oz
"Blue Diamond Almonds, Roasted Salted Flavored Snack Nuts Perfect for Snacking, 14 oz",Edible Nuts,7.28,$7.28,52.0 ¢/oz
"Great Value Lightly Salted Roasted Almonds, 1 oz, 8 Count",Edible Nuts,6.17,$6.17,77.1 ¢/oz
"Wonderful Pistachios Chocolate Sea Salt, 4 Ounce Resealable Bag",Edible Nuts,5.86,$5.86,$1.47/oz
"Great Value Sliced Almonds, 4 oz",Edible Nuts,3.48,$3.48,87.0 ¢/oz
"Great Value Honey Roasted Peanuts, 34.5 oz",Edible Nuts,5.38,$5.38,15.6 ¢/oz
"Great Value Honey Roasted Almonds, 14 oz",Edible Nuts,6.78,$6.78,48.4 ¢/oz
PLANTERS Honey Roasted Peanuts 10,Edible Nuts,3.22,$3.22,32.2 ¢/oz
"Great Value Cocoa Roasted Almonds, 14 oz",Edible Nuts,6.78,$6.78,48.4 ¢/oz
"Blue Diamond Almonds, Bold Wasabi & Soy Sauce Flavored Snack Nuts perfect for snacking and on-the-go, 6 oz",Edible Nuts,3.84,$3.84,64.0 ¢/oz
"Emerald Nuts Cashews & Almonds with Dried Cranberries, 100 Calorie Packs, 10 Ct",Edible Nuts,6.17,$6.17,89.4 ¢/oz
"bettergoods Raw Walnut Halves and Pieces, 6.5 oz",Edible Nuts,4.32,$4.32,66.5 ¢/oz
"Great Value Whole Natural Almonds, 14 oz",Edible Nuts,6.78,$6.78,48.4 ¢/oz
"Blue Diamond Almonds, Smokehouse Flavored Snack Nuts Perfect for Snacking, 14oz Resealable Bag",Edible Nuts,7.28,$7.28,52.0 ¢/oz
"Great Value Chopped Macadamia Nuts, 4 oz",Edible Nuts,5.84,$5.84,$1.46/oz
"Great Value Roasted and Salted Pistachios, 24 oz",Edible Nuts,10.96,$10.96,45.7 ¢/oz
"Wonderful Pistachios No Shells Roasted & Salted, 0.75 oz (Pack of 9)",Edible Nuts,8.68,$8.68,$1.28/oz
"CORN NUTS Ranch Crunchy Corn Kernels Flavored Nuts Snack, Shelf-Stable, 7 oz Resealable Plastic Package",Edible Nuts,1.98,$1.98,28.3 ¢/oz
"Power Up Trail Mix Mega Omega 14oz, Gluten Free, Vegan, Non-GMO",Trail Mixes,6.24,$6.24,44.6 ¢/oz
"PLANTERS Salted Dry Roasted Peanuts, Party Snacks, Plant Based Protein 16 oz Jar",Edible Nuts,2.97,$2.97,18.6 ¢/oz
"PLANTERS Nut Duos Cocoa Cashew and Espresso Hazelnut, Plant Based Protein, 5 oz Resealable Bag",Edible Nuts,4.68,$4.68,93.6 ¢/oz
"Great Value Natural Walnut Halves & Pieces, 7.25 Oz",Edible Nuts,4.74,$4.74,64.9 ¢/oz
"PLANTERS Deluxe Unsalted Mixed Nuts, Party Snacks, Plant Based Protein, 15.25 oz Steel Can",Edible Nuts,12,$12.00,78.7 ¢/oz
"PLANTERS Deluxe Lightly Salted Whole Cashews, Party Snacks, Plant Based Protein, 18.25 oz Steel Can (1 Canister)",Edible Nuts,11.74,$11.74,64.2 ¢/oz
"Blue Diamond Almonds, Classic Smokehouse Flavored Healthy Snack Nuts Perfect for Snacking and On-The-Go, 6 oz",Edible Nuts,3.84,$3.84,64.0 ¢/oz
"Taleen Japanese Style Roasted Edible Peanuts, 5.71 oz Bag",Edible Nuts,0.98,$0.98,17.2 ¢/oz
"Great Value Chopped Walnuts, 8 oz",Edible Nuts,5.28,$5.28,66.0 ¢/oz
"Great Value Oil Roasted Lightly Salted Almonds, 14 oz",Edible Nuts,6.78,$6.78,48.4 ¢/oz
"Blue Diamond Almonds, Thin Dipped Double Dark Chocolate Almonds for Guilt Free Snacking, 8 oz.",Chocolate Covered Nuts,6.26,$6.26,78.3 ¢/oz
"Great Value Roasted & Salted Pecans, 7 oz",Edible Nuts,4.74,$4.74,67.7 ¢/oz
"PLANTERS Deluxe Pistachio Mix, Party Snacks, Plant Based Protein, 14.5 oz Steel Can",Edible Nuts,15.14,$15.14,$1.04/oz
"Great Value Lightly Salted Cashew Halves & Pieces, 14 oz",Edible Nuts,6.32,$6.32,45.1 ¢/oz
"Wonderful Pistachios No Shells Honey Roasted Nuts, 11 Ounce Bag",Edible Nuts,11.84,$11.84,$1.08/oz
"Blue Diamond Almonds and More, Roasted Sea Salt Mixed Nuts with Almonds, Cashews and Pistachios for Snacking, 14 oz.",Edible Nuts,10.44,$10.44,74.6 ¢/oz
"Great Value Pine Nuts, 4 oz",Edible Nuts,7.54,$7.54,$1.89/oz
"Great Value Omega-3 Trail Mix, 1.5 oz, 8 Count",Trail Mixes,6.84,$6.84,57.0 ¢/oz
"bettergoods Raw Whole Brazil Nuts, 8 oz",Edible Nuts,13.47,$13.47,$1.68/oz
"PLANTERS Deluxe Honey Roasted Whole Cashews, Sweet and Salty Snacks, Plant Based Protein, 8.25 oz Steel Can",Edible Nuts,7.42,$7.42,89.4 ¢/oz
"Great Value Chopped Pecans, 4 oz",Edible Nuts,3.47,$3.47,86.8 ¢/oz
"Great Value Salted & Roasted in Shell Peanuts, 20 oz",Edible Nuts,2.18,$2.18,10.9 ¢/oz
"Power Up Trail Mix High Energy 14oz, Gluten Free, Vegan, Non-GMO",Trail Mixes,6.24,$6.24,44.6 ¢/oz
"Hampton Farms Salted In-Shell Peanut Bag, 16 oz",Edible Nuts,2.88,$2.88,18.0 ¢/oz
"Wonderful Pistachios In-Shell Roasted & Salted Nuts, 8 Ounce Bag",Edible Nuts,4.74,$4.74,59.3 ¢/oz
"Power Up Trail Mix Protein Mix 14oz, Gluten Free, Vegan, Non-GMO",Trail Mixes,6.24,$6.24,44.6 ¢/oz
"PLANTERS Lightly Salted Dry Roasted Peanuts, Party Snacks, Plant Based Protein, 2.16 lb Canister",Edible Nuts,6.12,$6.12,17.7 ¢/oz
"Blue Diamond Almonds, Sweet Flavored Honey Roasted Snack Nuts Great for Snacks, Lunch, and Dessert Treats, 25 oz.",Edible Nuts,12,$12.00,48.0 ¢/oz
"Great Value Walnuts Halves & Pieces, 16 oz",Edible Nuts,9.96,$9.96,62.3 ¢/oz
"Planters Salted Peanuts, Plant Based Protein, 10-1 oz. Bags",Edible Nuts,3.22,$3.22,32.2 ¢/oz
"Blue Diamond Shelf Stable Almonds Lightly Salted Pieces, 6 oz Can",Edible Nuts,3.84,$3.84,64.0 ¢/oz
"PLANTERS Cashews Rosemary & Sea Salt, Party Snacks, Plant Based Protein, 5 oz Bag",Edible Nuts,3.97,$3.97,79.4 ¢/oz
"PLANTERS Lightly Salted Dry Roasted Peanuts, Party Snacks, Plant Based Protein, 16 oz Jar",Edible Nuts,3.13,$3.13,19.6 ¢/oz
"Blue Diamond, Blueberry Flavored Roasted Almonds, Crunchy, 6oz Shelf Stable Aluminum Can",Edible Nuts,3.84,$3.84,64.0 ¢/oz
"Blue Diamond Almonds, Smokehouse Flavored Snack Nuts for Healthy Snacking, Lunch, On-the-go, 25 oz.",Edible Nuts,12,$12.00,48.0 ¢/oz
"Nut Harvest Cashews, 2.25 oz",Edible Nuts,2.97,$2.97,$1.32/oz
"Sahale Snacks Glazed Mix of Naturally Pomegranate Vanilla Flavored Cashews, 4oz Pouch  Sweet & Savory Nut Blend, Gluten-Free, Non-GMO",Edible Nuts,4.98,$4.98,$1.25/oz
"Sahale Snacks Maple Pecans Glazed Mix, Gluten-Free Snack, 4-Ounce Bag  Non-GMO Project Verified Nut Blend",Edible Nuts,4.98,$4.98,$1.25/oz
"Great Value Dry Roasted & Seasoned with Sea Salt Peanuts, 34.5 oz",Edible Nuts,5.38,$5.38,15.6 ¢/oz
"PLANTERS Sweet and Spicy Peanuts, Party Snacks, Plant-Based Protein, 16 oz Plastic Jar",Edible Nuts,3.13,$3.13,19.6 ¢/oz
"Great Value Pecan Halves, 16 oz",Edible Nuts,10.86,$10.86,67.9 ¢/oz
"bettergoods Hot Honey Nut Trio, 8.5 oz, Tub",Edible Nuts,6.42,$6.42,75.5 ¢/oz
"Great Value Roasted & Salted Almonds, 14 oz",Edible Nuts,6.78,$6.78,48.4 ¢/oz
Mauna Loa Sea Salt Macadamia Nuts - 4oz Bag,Edible Nuts,5.92,$5.92,$1.48/oz
"Wonderful Pistachios In-Shell Lightly Salted Nuts, 16 Ounce Bag",Edible Nuts,8.92,$8.92,55.8 ¢/oz
"Great Value Dry Roasted & Salted Macadamia Nuts, 6 oz",Edible Nuts,7.96,$7.96,$1.33/oz
"PLANTERS Salted Cocktail Peanuts, Party Snacks, Plant Based Protein, 16 oz Steel Can",Edible Nuts,3.48,$3.48,21.8 ¢/oz
"PLANTERS Roasted Pecan Nuts, Party Snacks, Plant Based Protein, 7.25 oz Steel Can",Edible Nuts,6.58,$6.58,90.1 ¢/oz
"Great Value Lightly Salted, Shelled Pistachios, 12 oz Bag",Edible Nuts,13.32,$13.32,$1.11/oz
Diamond of California Chopped Pecans 8 oz,Edible Nuts,6.48,$6.48,81.0 ¢/oz
PLANTERS Trail Mix Caramel Pecan Crunch 5oz,Trail Mixes,2.98,$2.98,59.6 ¢/oz
"PLANTERS Salted Mixed Nuts, Party Snacks, Plant Based Protein, 56 oz Canister",Edible Nuts,20.96,$20.96,37.4 ¢/oz
"Great Value Nut & Honey Trail Mix, 26 oz",Trail Mixes,8.84,$8.84,34.0 ¢/oz
"bettergoods Roasted and Salted Cashews, 10 oz",Edible Nuts,6.42,$6.42,64.2 ¢/oz
"Great Value Cashew Halves and Pieces, 14 oz",Edible Nuts,6.32,$6.32,45.1 ¢/oz
"Hampton Farms Raw In-Shell Peanut Bag, 16 oz",Edible Nuts,2.88,$2.88,18.0 ¢/oz
"Emerald Nuts, Walnuts & Almonds with Dried Cherries, 100 Calorie Packs, 10 Ct, 6.7 oz",Edible Nuts,6.17,$6.17,92.1 ¢/oz
"Great Value Honey Roasted Peanuts, 1 oz, 12 Count",Edible Nuts,4.18,$4.18,34.8 ¢/oz
"PLANTERS Trail Mix, White Choc Macadamia Nut, 5 oz",Trail Mixes,2.98,$2.98,59.6 ¢/oz
"Blue Diamond Almonds and More, Honey Roasted Flavored Almonds, Cashews and Pistachios Perfect Mixed Nuts for Snacking, 14 oz.",Edible Nuts,10.44,$10.44,74.6 ¢/oz
"Blue Diamond Almonds, Thin Dipped Dark Chocolate Sea Salt Caramel Almonds Value Size for Guilt Free Snacking, No Artificial Colors or Flavors, 8 oz.",Chocolate Covered Nuts,6.26,$6.26,78.3 ¢/oz
"SkinnyDipped Cinnamon Crunch Cashews, 4oz",Edible Nuts,4.96,$4.96,$1.24/oz
"Wonderful Pistachios In-Shell Roasted & Salted Nuts, 24 Ounce Bag",Edible Nuts,10.38,$10.38,43.3 ¢/oz
"Sahale Snacks Glazed Mix of Banana Rum Flavored Pecans, 4oz Bag  Sweet & Savory Nut Blend, Gluten-Free, Non-GMO",Edible Nuts,4.98,$4.98,$1.25/oz
"PLANTERS Salted Dry Roasted Peanuts, Party Snacks, Plant Based Protein, 2.16 lb Container",Edible Nuts,6.12,$6.12,17.7 ¢/oz
"De La Rosa Japanese-Style Nishiyama Cocktail Peanuts, 2 lb Resealable Bag",Edible Nuts,7.78,$7.78,49.6 ¢/oz
"Great Value Dry Roasted and Unsalted Peanuts, 16 oz, Jar",Edible Nuts,2.72,$2.72,17.0 ¢/oz
"PLANTERS Garlic Chili Crisp Flavored Cashews, 5 oz Resealable Bag",Edible Nuts,3.97,$3.97,79.4 ¢/oz
"Nut Harvest Flamin Hot Flavored Peanuts, 3.35 oz",Edible Nuts,1.97,$1.97,59.2 ¢/oz
"PLANTERS Redskin Spanish Peanuts, Roasted Salted Peanuts, Plant Based Protein, 12.5 oz Steel Can",Edible Nuts,3.83,$3.83,30.6 ¢/oz
"Blue Diamond Almonds, BOLD Flavored Wasabi & Soy Sauce Snack Nuts Perfect for Lunch, On-the-go, Healthy Options, 25oz Bag",Edible Nuts,11.48,$11.48,45.9 ¢/oz
"bettergoods Olive and Herb Mixed Nuts, 10 oz",Edible Nuts,6.42,$6.42,64.2 ¢/oz
"SkinnyDipped Maple Crunch Almonds, 4oz",Edible Nuts,5.22,$5.22,$1.31/oz
"Great Value Chopped Pecans, 24 oz",Edible Nuts,15.12,$15.12,63.0 ¢/oz
"Great Value Natural Whole Almonds, 25 oz",Edible Nuts,11,$11.00,44.0 ¢/oz
"Wonderful Pistachios In-Shell Salt & Pepper Nuts, 14 Ounce Bag",Edible Nuts,8.24,$8.24,58.9 ¢/oz
Diamond of California Chopped Walnuts 8 oz,Edible Nuts,4.24,$4.24,53.0 ¢/oz
"Great Value Roasted & Salted Cocktail Peanuts, 16 oz",Edible Nuts,2.72,$2.72,17.0 ¢/oz
"Pop & Sol by Nuts.com, Sea Salt & Pepper Cashews, 4 oz Bag",Edible Nuts,3.56,$3.56,89.0 ¢/oz
"bettergoods Roasted and Himalayan Salted Pecans, 7.5 oz",Edible Nuts,7.06,$7.06,94.1 ¢/oz
"Wonderful Pistachios No Shells Sea Salt & Vinegar Nuts, 11 Ounce Bag",Edible Nuts,11.84,$11.84,$1.08/oz
"PLANTERS Deluxe Salted Whole Cashews, Party Snacks, Plant Based Protein, 18.25 oz Steel Can",Edible Nuts,11.74,$11.74,64.3 ¢/oz
"Wonderful Pistachios No Shells BBQ Flavored Nuts, 11 Ounce Bag",Edible Nuts,11.84,$11.84,$1.08/oz
BD 6OZ TEXAS BBQ,Edible Nuts,3.84,$3.84,64.0 ¢/oz
Diamond of California Pecan Halves 16oz,Edible Nuts,11.48,$11.48,71.8 ¢/oz
"Wonderful Pistachios In-Shell Unsalted Nuts, 8 Ounce Resealable Bag",Edible Nuts,4.74,$4.74,59.3 ¢/oz
"Wonderful Pistachios No Shells Sea Salt & Pepper Nuts, 11 Ounce Bag",Edible Nuts,11.84,$11.84,$1.08/oz
"Pop & Sol by Nuts.com, Roasted Elote Peanuts, 7 oz Bag",Edible Nuts,3.74,$3.74,53.4 ¢/oz
"Great Value Keto Chocolate Mix, 1.5 oz, 8 Count",Trail Mixes,6.84,$6.84,57.0 ¢/oz
"Wonderful Pistachios No Shells Roasted & Salted Nuts, 2.5 Ounce Bag",Edible Nuts,3.98,$3.98,$1.59/oz
"bettergoods Maple Honey Sesame Cashews, 8 oz",Edible Nuts,6.34,$6.34,79.3 ¢/oz
"Great Value Omega-3 Trail Mix, 22 oz",Trail Mixes,9.63,$9.63,43.8 ¢/oz
"(3 pack) Sahale Snacks Maple Pecans Glazed Mix, Gluten-Free Snack, 4-Ounce Bag  Non-GMO Project Verified Nut Blend",Edible Nuts,14.94,$14.94,$1.25/oz
"Great Value Roasted & Salted, No Shell Pistachios, 12 oz Resealable Bag",Edible Nuts,13.32,$13.32,$1.11/oz
"Great Value Wasabi Soy Almonds, 14 oz",Edible Nuts,6.78,$6.78,48.4 ¢/oz
"Blue Diamond Almonds Oven Roasted Dark Chocolate Flavored Almonds, 25 oz.",Chocolate Covered Nuts,12,$12.00,48.0 ¢/oz
"Great Value Dry Roasted Peanuts Seasoned with Sea Salt, 1 oz, 12 Count",Edible Nuts,4.18,$4.18,34.8 ¢/oz
"PLANTERS Salted Cashew Halves and Pieces, Party Snacks, Plant-Based Protein, 26 oz Canister",Edible Nuts,12.86,$12.86,49.3 ¢/oz
"(2 pack) Great Value Pine Nuts, 4 oz",Edible Nuts,15.08,$15.08,$1.89/oz
"Hammons Black Walnuts Large Pieces, 12 oz",Edible Nuts,9.47,$9.47,78.9 ¢/oz
"Great Value Whole Almonds, 16 oz",Edible Nuts,8.46,$8.46,52.9 ¢/oz
Mauna Loa Honey Roasted Macadamia Nuts - 4oz Bag,Edible Nuts,6.17,$6.17,$1.54/oz
"Dee's Nuts Peanuts, Dill Pickle Flavor, 10 oz. Canister",Edible Nuts,6.98,$6.98,69.8 ¢/oz
"Second Nature Wholesome Medley Trail Mix, 12 oz, 8 Count  Gluten Free Single-Serve Snack Bags",Edible Nuts,6.43,$6.43,53.6 ¢/oz
"Great Value Raw Peanuts, 16 oz",Edible Nuts,3.12,$3.12,19.5 ¢/oz
"bettergoods Everything Seasoned Cashews, 10 oz",Edible Nuts,6.42,$6.42,64.2 ¢/oz
"Nut Harvest Honey Roasted Whole Peanuts , 3.325 oz bag",Edible Nuts,1.97,$1.97,59.2 ¢/oz
Planters Honey Roasted Peanuts 6 oz Bag,Edible Nuts,1.68,$1.68,28.0 ¢/oz
"Wonderful Pistachios In-Shell Roasted & Salted Nuts, 16 Ounce Bag",Edible Nuts,8.92,$8.92,55.8 ¢/oz
"Great Value Walnuts Halves & Pieces, 32 oz",Edible Nuts,18.72,$18.72,58.5 ¢/oz
"Blue Diamond Almonds, Lightly Salted Snack Almonds perfect for lunches and on-the-go, 25 oz.",Edible Nuts,12,$12.00,48.0 ¢/oz
"bettergoods Dill Pickle Seasoned Cashews, 8.5 oz",Edible Nuts,6.42,$6.42,75.5 ¢/oz
"Great Value Natural Smoke Flavored Almonds, 14 oz",Edible Nuts,6.78,$6.78,48.4 ¢/oz
"(6 pack) Great Value Mixed Nuts Dessert Topping, 4 oz",Edible Nuts,10.56,$10.56,44.0 ¢/oz
"Wonderful Pistachios In-Shell Roasted & Salted Nuts, 40 Ounce Bag",Edible Nuts,17.97,$17.97,44.9 ¢/oz
"Great Value Whole Natural Almonds, 1 oz, 8 Count",Edible Nuts,6.17,$6.17,77.1 ¢/oz
"Dee's Nuts Peanuts, Dill Pickle Flavor, 10 oz. Resealable Bag",Edible Nuts,6.98,$6.98,69.8 ¢/oz
"Great Value Toasted and Sliced Almonds, 10 oz",Edible Nuts,7.48,$7.48,74.8 ¢/oz
"PLANTERS Cashews Salt and Vinegar, Party Snacks, Plant Based Protein, 5 oz Resealable Bag",Edible Nuts,3.97,$3.97,79.4 ¢/oz
"Great Value Breakfast Blend Trail Mix, 22 oz",Trail Mixes,8.84,$8.84,40.2 ¢/oz
"Wonderful Pistachios, Roasted and Salted In-Shell Nuts, 5oz Bag",Edible Nuts,3.98,$3.98,79.6 ¢/oz
"(3 pack) bettergoods Raw Mixed Nuts, 10 oz",Edible Nuts,19.26,$19.26,64.2 ¢/oz
"(4 pack) Great Value Pecan Halves, 32 oz",Edible Nuts,79.44,$79.44,62.1 ¢/oz
"bettergoods Roasted and Unsalted Cashews, 10 oz",Edible Nuts,6.42,$6.42,64.2 ¢/oz
Fresh Gourmet Dried Apple & Honey Roasted Walnuts 3oz,Dried Fruits,3.78,$3.78,$1.26/oz
"bettergoods Dry Roasted and Salted Macadamias, 10 oz",Edible Nuts,7.92,$7.92,79.2 ¢/oz
"Blue Diamond Almonds, Whole Natural Raw Almonds Perfect for Gluten Free Snacking, 25 oz.",Edible Nuts,12,$12.00,48.0 ¢/oz
"Hampton Farms Unsalted Roasted Jumbo Virginia Peanut Bag, 16 oz",Edible Nuts,2.88,$2.88,18.0 ¢/oz
"Planters Salted Peanuts, 6 oz Bag",Edible Nuts,1.68,$1.68,28.0 ¢/oz
"Great Value Chopped Pecans, 16 oz",Edible Nuts,10.86,$10.86,67.9 ¢/oz
Diamond of California Sliced Almonds 6 oz,Edible Nuts,4.44,$4.44,74.0 ¢/oz
"Great Value Indulgent Trail Mix, 26 oz",Trail Mixes,6.74,$6.74,25.9 ¢/oz
"PLANTERS Deluxe Salted Whole Cashews, Party Snacks, Plant Based Protein, 33 oz Plastic Jar",Edible Nuts,19.68,$19.68,59.6 ¢/oz
"bettergoods Roasted and Salted Marcona Almonds, 8 oz",Edible Nuts,7.92,$7.92,99.0 ¢/oz
"(2 pack) Nut Harvest Cashews, 2.25 oz",Edible Nuts,5.94,$5.94,$1.32/oz
"Peanut Patch Original Boiled Peanuts, 25 oz., Can",Edible Nuts,3.27,$3.27,12.1 ¢/oz
"bettergoods Bruschetta Inspired Trail Mix, 7 oz",Trail Mixes,6.68,$6.68,95.4 ¢/oz
"Wonderful Pistachios No Shells Jalapeno Lime Nuts, 11 Ounce Bag",Edible Nuts,11.84,$11.84,$1.08/oz
"Great Value Roasted & Salted Cocktail Peanuts, 35 oz",Edible Nuts,5.38,$5.38,15.4 ¢/oz
"(3 pack) PLANTERS Salted Mixed Nuts, Party Snacks, Plant Based Protein, 56 oz Canister",Edible Nuts,62.88,$62.88,37.4 ¢/oz
"Fresh Gourmet Honey Roasted Pecan Pieces Salad Topping, 3.5 oz Bag",Salad Toppings,3.78,$3.78,$1.08/oz
"Great Value Chopped Walnuts, 24 oz",Edible Nuts,14.86,$14.86,61.9 ¢/oz
"bettergoods Peach Flavored Yogurt Covered Cashews, 9.5 oz",Edible Nuts,9.42,$9.42,$1.35/oz
"bettergoods Roasted Garlic and Herb Pistachios, 10 oz, Tub",Edible Nuts,13.47,$13.47,$1.35/oz
"Wonderful Pistachios, In-Shell, Roasted & Salted, 24 Oz",Edible Nuts,10.38,$10.38,43.3 ¢/oz
Diamond Of California Chopped Pecans 16oz,Edible Nuts,11.48,$11.48,71.8 ¢/oz
"Dee's Nuts Peanuts, Sweet Southern BBQ Flavor, 10 oz. Resealable Bag",Edible Nuts,7.33,$7.33,73.3 ¢/oz
"Great Value Probiotic Trail Mix, 24 oz",Trail Mixes,8.84,$8.84,36.8 ¢/oz
"bettergoods Raw Pecan Halves, 7.5 oz",Edible Nuts,7.06,$7.06,94.1 ¢/oz
"(2 pack) Planters Salted Peanuts, Plant Based Protein, 10-1 oz. Bags",Edible Nuts,6.44,$6.44,32.2 ¢/oz
"Great Value Tex Mex Trail Mix, 22 oz",Trail Mixes,6.74,$6.74,30.6 ¢/oz
Nut Harvest Whole Peanuts Salted 3.75 Ounce,Edible Nuts,1.97,$1.97,52.5 ¢/oz
"Great Value Blanched and Slivered Almonds, 10 oz",Edible Nuts,7.48,$7.48,74.8 ¢/oz
"bettergoods Banana Bread Flavored Pecans, 6.5 oz",Edible Nuts,7.68,$7.68,$1.18/oz
"(2 pack) Hampton Farms Raw In-Shell Peanut Bag, 16 oz",Edible Nuts,5.76,$5.76,18.0 ¢/oz
"Great Value Pecan Halves, 32 oz",Edible Nuts,19.86,$19.86,62.1 ¢/oz
"(4 pack) Emerald Nuts, Cashews Roasted and Salted 100 Calorie Packs, 0.62 Oz, 10 Ct",Edible Nuts,21.52,$21.52,86.8 ¢/oz
"Great Value Oil Roasted Lightly Salted Almonds, 25 oz",Edible Nuts,11,$11.00,44.0 ¢/oz
"Great Value Tropical Trail Mix, 26 oz",Trail Mixes,6.74,$6.74,25.9 ¢/oz
"Great Value Cranberry Cashew & Almond Trail Mix, 24 oz",Trail Mixes,8.84,$8.84,36.8 ¢/oz
"PLANTERS Lightly Salted Cashew Halves and Pieces, Party Snacks, Plant-Based Protein, 8 oz Canister",Edible Nuts,6.72,$6.72,84.0 ¢/oz
"Wonderful Pistachios In-Shell Sweet Chili, 14 Ounce Resealable Bag",Edible Nuts,8.24,$8.24,58.9 ¢/oz
"(3 pack) Nut Harvest Flamin Hot Flavored Peanuts, 3.35 oz",Edible Nuts,5.91,$5.91,59.2 ¢/oz
Diamond Shelled Walnuts 32 oz,Edible Nuts,13.48,$13.48,42.1 ¢/oz
"Planters Nuts and Chocolate Trail Mix, Plant Based Protein, 6 oz Bag",Trail Mixes,3,$3.00,50.0 ¢/oz
"Great Value Chocolate Peanut Butter Trail Mix, 22 oz",Trail Mixes,8.84,$8.84,40.2 ¢/oz
"Great Value Mountain Trail Mix, 1.75 oz, 8 Count",Trail Mixes,6.84,$6.84,48.9 ¢/oz
"Peanut Patch Hot & Spicy Boiled Peanuts, 25 oz., Can",Edible Nuts,3.27,$3.27,13.1 ¢/oz
"Great Value Sliced Almonds, 16 oz",Edible Nuts,8.46,$8.46,52.9 ¢/oz
"Great Value English Toffee Inspired Trail Mix, 6 oz",Trail Mixes,4.68,$4.68,78.0 ¢/oz
"(2 pack) Great Value Raw Peanuts, 16 oz",Edible Nuts,6.24,$6.24,19.5 ¢/oz
"Great Value Organic Raw Whole Cashews, 14 oz",Edible Nuts,8.98,$8.98,64.1 ¢/oz
"bettergoods Garlic and Himalayan Pink Salt Almonds, 10 oz",Edible Nuts,6.42,$6.42,64.2 ¢/oz
"bettergoods Roasted and Salted Almonds with Himalayan Pink Salt, 10 oz",Edible Nuts,6.42,$6.42,64.2 ¢/oz
"bettergoods Maple Cinnamon Nut Crunch Mix, 7 oz",Trail Mixes,6.68,$6.68,95.4 ¢/oz
"Great Value Mountain Trail Mix, 26 oz",Trail Mixes,6.28,$6.28,24.2 ¢/oz
"Wonderful Pistachios In-Shell Roasted & Salted, 1.5 oz (Pack of 9)",Edible Nuts,8.68,$8.68,64.3 ¢/oz
"bettergoods Ruby Couverture Almonds, 12 oz",Edible Nuts,9.42,$9.42,78.5 ¢/oz
"(5 pack) Great Value Deluxe Mixed Nuts, 1.5 oz, 8 Count",Edible Nuts,49.7,$49.70,82.8 ¢/oz
"(10 pack) Taleen Japanese Style Roasted Edible Peanuts, 5.71 oz Bag",Edible Nuts,9.8,$9.80,17.2 ¢/oz
"Great Value Dill Pickle Ranch Snack Mix, 10oz",Trail Mixes,4.46,$4.46,44.6 ¢/oz
"(6 pack) Great Value Salted & Roasted in Shell Peanuts, 20 oz",Edible Nuts,13.08,$13.08,10.9 ¢/oz
"Great Value Caramel Mountain Trail Mix, 22 oz",Trail Mixes,6.74,$6.74,30.6 ¢/oz
(2 pack) Mauna Loa Sea Salt Macadamia Nuts - 4oz Bag,Edible Nuts,11.84,$11.84,$1.48/oz
"Great Value Peanut Butter Flavored Trail Mix Made with Reese's Pieces, 26 oz",Trail Mixes,6.74,$6.74,25.9 ¢/oz
"(2 pack) PLANTERS Salted Cashew Halves and Pieces, Party Snacks, Plant-Based Protein, 26 oz Canister",Edible Nuts,25.72,$25.72,49.3 ¢/oz
"Great Value Cajun Trail Mix, 27 oz",Trail Mixes,6.74,$6.74,25.0 ¢/oz
"(3 pack) Great Value Organic Roasted & Salted Whole Cashews, 14 oz",Edible Nuts,26.94,$26.94,64.1 ¢/oz
"(2 pack) Great Value Chopped Pecans, 4 oz",Edible Nuts,6.94,$6.94,86.8 ¢/oz
"Second Nature Dark Chocolate Medley Trail Mix, 10 oz, 8 Count  Healthy Snack with Nuts, Fruit & Dark Chocolate",Edible Nuts,7.16,$7.16,71.6 ¢/oz
"(4 pack) Great Value Whole Almonds, 16 oz",Edible Nuts,33.84,$33.84,52.9 ¢/oz
(4 pack) PLANTERS Honey Roasted Peanuts 10,Edible Nuts,12.88,$12.88,32.2 ¢/oz
"Great Value Organic Roasted & Salted Whole Cashews, 14 oz",Edible Nuts,8.98,$8.98,64.1 ¢/oz
"bettergoods Roasted and Unsalted Almonds, 10 oz",Edible Nuts,6.42,$6.42,64.2 ¢/oz
"Great Value Cheddar Penguin Blast Trail Mix, 9 oz",Trail Mixes,4.68,$4.68,52.0 ¢/oz
"CORN NUTS Chile Picante Con Limon, Crunchy Corn Kernels Flavored Nuts Snack, Shelf-Stable, 7 oz Resealable Plastic Bag",Edible Nuts,1.98,$1.98,28.3 ¢/oz
"Great Value Smores Trail Mix, 21 oz",Trail Mixes,8.84,$8.84,42.1 ¢/oz
"Sargento Balanced Breaks Sharp Cheddar Cheese, Cashews, Cherry Infused Dried Cranberries",Trail Mixes,3.34,$3.34,74.2 ¢/oz
"(4 pack) Great Value Chopped Macadamia Nuts, 4 oz",Edible Nuts,23.36,$23.36,$1.46/oz
"Great Value Mountain Trail Mix, Family Size, 40 oz",Trail Mixes,9.63,$9.63,24.1 ¢/oz
"Salad Pizazz! Strawberry Cranberry Honey Nut Fruit & Nut Topping, 3.75 oz Bag",Salad Toppings,2.97,$2.97,79.2 ¢/oz
"(2 pack) Wonderful Pistachios In-Shell Roasted & Salted Nuts, 24 Ounce Bag",Edible Nuts,20.76,$20.76,43.3 ¢/oz
"(4 pack) Emerald Nuts Cashews & Almonds with Dried Cranberries, 100 Calorie Packs, 10 Ct",Dried Fruits,23.52,$23.52,85.2 ¢/oz
"(3 pack) Great Value Dry Roasted & Salted Macadamia Nuts, 6 oz",Edible Nuts,23.88,$23.88,$1.33/oz
"Kar's Sweet 'n Salty Mix, 44 oz - Peanuts, Raisins, Cocoa Candies & Sunflower Kernels, Gluten-Free, Contains Milk, Peanuts and Soy. May Contain Tree Nuts.",Edible Nuts,9.62,$9.62,21.9 ¢/oz
"(5 pack) Great Value Dry Roasted Peanuts Seasoned with Sea Salt, 1 oz, 12 Count",Edible Nuts,20.9,$20.90,34.8 ¢/oz
"(6 pack) CORN NUTS Original Crunchy Corn Kernels Flavored Nuts Snack, Ready-to-Eat, Shelf-Stable, 7 oz Resealable Plastic Bag",Edible Nuts,11.88,$11.88,28.3 ¢/oz
"(6 pack) CORN NUTS Ranch Crunchy Corn Kernels Flavored Nuts Snack, Shelf-Stable, 7 oz Resealable Plastic Package",Edible Nuts,11.88,$11.88,28.3 ¢/oz
"(3 pack) Wonderful Pistachios, In-Shell, Roasted & Salted, 24 Oz",Edible Nuts,31.14,$31.14,43.3 ¢/oz
"(12 pack) Blue Diamond Almonds, Classic Smokehouse Flavored Healthy Snack Nuts Perfect for Snacking and On-The-Go, 6 oz",Edible Nuts,46.08,$46.08,64.0 ¢/oz
"(4 pack) PLANTERS Cashews Rosemary & Sea Salt, Party Snacks, Plant Based Protein, 5 oz Bag",Edible Nuts,15.88,$15.88,79.4 ¢/oz
"(4 pack) PLANTERS Honey Roasted Peanuts, Party Snacks, Plant-Based Protein, 16 oz Jar",Edible Nuts,12.52,$12.52,19.6 ¢/oz
"(3 pack) bettergoods Roasted and Salted Cashews, 10 oz",Edible Nuts,19.26,$19.26,64.2 ¢/oz
"(4 pack) Hammons Black Walnuts Large Pieces, 12 oz",Edible Nuts,37.88,$37.88,78.9 ¢/oz
"(4 pack) PLANTERS Cashews Cinnamon & Brown Sugar, Party Snacks, Plant Based Protein, 5 oz Bag",Edible Nuts,15.88,$15.88,79.4 ¢/oz
"bettergoods Thai Curry Trail Mix, 8 oz, Tub",Trail Mixes,6.68,$6.68,83.5 ¢/oz
"(6 pack) Hampton Farms Unsalted Roasted Jumbo Virginia Peanut Bag, 16 oz",Edible Nuts,17.28,$17.28,18.0 ¢/oz
"(3 pack) bettergoods Olive and Herb Mixed Nuts, 10 oz",Edible Nuts,19.26,$19.26,64.2 ¢/oz
"(4 pack) Wonderful Pistachios In-Shell Roasted & Salted Nuts, 40 Ounce Bag",Edible Nuts,71.88,$71.88,44.9 ¢/oz
"(5 pack) Wonderful Pistachios In-Shell Roasted & Salted, 1.5 oz (Pack of 9)",Edible Nuts,43.4,$43.40,64.3 ¢/oz
"bettergoods Organic Super Energy Trail Mix, 8.5 oz",Trail Mixes,6.68,$6.68,78.6 ¢/oz
"(4 pack) PLANTERS Lightly Salted Dry Roasted Peanuts, Party Snacks, Plant Based Protein, 16 oz Jar",Edible Nuts,12.52,$12.52,19.6 ¢/oz
"Great Value Mountain Trail Mix, 1.75 oz, 24 Count",Trail Mixes,12.84,$12.84,30.6 ¢/oz
"Great Value Spicy Buffalo Trail Mix, 10 oz",Trail Mixes,4.68,$4.68,46.8 ¢/oz
"Great Value Mountain Trail Mix Nut Bar, 1.4 oz, 5 Count",Snack Bars,4.86,$4.86,69.4 ¢/oz
"(3 pack) bettergoods Ruby Couverture Almonds, 12 oz",Edible Nuts,28.26,$28.26,78.5 ¢/oz
"(4 pack) PLANTERS Sweet and Spicy Peanuts, Party Snacks, Plant-Based Protein, 16 oz Plastic Jar",Edible Nuts,12.52,$12.52,19.6 ¢/oz
(3 pack) Diamond Shelled Walnuts 32 oz,Edible Nuts,40.44,$40.44,42.1 ¢/oz
"(5 pack) Nut Harvest Honey Roasted Whole Peanuts , 3.325 oz bag",Edible Nuts,9.85,$9.85,59.2 ¢/oz
"bettergoods Dark Chocolate Espresso Trail Mix, 11.5 oz",Trail Mixes,6.68,$6.68,58.1 ¢/oz
"Great Value Ramen Flavored Snack Mix, 10 oz",Trail Mixes,4.68,$4.68,46.8 ¢/oz
(4 pack) Nut Harvest Whole Peanuts Salted 3.75 Ounce,Edible Nuts,7.88,$7.88,52.5 ¢/oz
"(4 pack) Wonderful Pistachios, Roasted and Salted In-Shell Nuts, 5oz Bag",Edible Nuts,15.92,$15.92,79.6 ¢/oz
"(3 pack) PLANTERS Cashews Salt and Vinegar, Party Snacks, Plant Based Protein, 5 oz Resealable Bag",Edible Nuts,11.91,$11.91,79.4 ¢/oz
"(5 pack) Great Value Honey Roasted Peanuts, 1 oz, 12 Count",Edible Nuts,20.9,$20.90,34.8 ¢/oz
"(3 pack) bettergoods Raw Walnut Halves and Pieces, 6.5 oz",Edible Nuts,12.96,$12.96,66.5 ¢/oz
"(3 pack) bettergoods Roasted and Himalayan Salted Pecans, 7.5 oz",Edible Nuts,21.18,$21.18,94.1 ¢/oz
"bettergoods Teriyaki Thai Trail Mix, 9.5 oz",Trail Mixes,6.68,$6.68,70.3 ¢/oz
"(6 pack) Great Value Walnuts Halves & Pieces, 32 oz",Edible Nuts,112.32,$112.32,58.5 ¢/oz
"(4 pack) Blue Diamond, Blueberry Flavored Roasted Almonds, Crunchy, 6oz Shelf Stable Aluminum Can",Edible Nuts,15.36,$15.36,64.0 ¢/oz
"(3 pack) bettergoods Roasted and Unsalted Almonds, 10 oz",Edible Nuts,19.26,$19.26,64.2 ¢/oz
"bettergoods Cinnaberry Trail Mix, 8.5 oz",Trail Mixes,6.68,$6.68,78.6 ¢/oz
"(3 pack) bettergoods Dry Roasted and Salted Macadamias, 10 oz",Edible Nuts,23.76,$23.76,79.2 ¢/oz
"Sargento Balanced Breaks Sharp Cheddar Cheese, Cashews, Cherry Infused Dried Cranberries",Trail Mixes,6.14,$6.14,68.2 ¢/oz
"(4 pack) Great Value Oil Roasted Lightly Salted Almonds, 25 oz",Edible Nuts,44,$44.00,44.0 ¢/oz
"Kars Gluten-Free Sweet n Salty Trail Mix, 1.25 oz, 30 Count  Single-Serve Snack Bags with Peanuts, Raisins, Cocoa Candies, and Sunflower Kernels",Edible Nuts,13.62,$13.62,36.3 ¢/oz
"(2 pack) Wonderful Pistachios In-Shell Roasted & Salted Nuts, 16 Ounce Bag",Edible Nuts,17.84,$17.84,55.8 ¢/oz
Giant Snacks Fs Giant Cashew Bacon Ranch,Edible Nuts,4.98,$4.98,$1.25/oz
"(3 pack) bettergoods Raw Pecan Halves, 7.5 oz",Edible Nuts,21.18,$21.18,94.1 ¢/oz
CORN NUTS Kickin Dill Pickle 7oz,Edible Nuts,1.98,$1.98,28.3 ¢/oz
"bettergoods Parmesan Garlic Trail Mix, 7 oz",Trail Mixes,6.68,$6.68,95.4 ¢/oz
"Corn Nuts BBQ Crunchy Corn Kernels, 4oz",Edible Nuts,1.52,$1.52,38.0 ¢/oz
"(4 pack) Great Value Mountain Trail Mix, 1.75 oz, 24 Count",Trail Mixes,51.36,$51.36,30.6 ¢/oz
"(3 pack) bettergoods Dark Chocolate Espresso Trail Mix, 11.5 oz",Trail Mixes,20.04,$20.04,58.1 ¢/oz
"(3 pack) bettergoods Organic Super Energy Trail Mix, 8.5 oz",Trail Mixes,20.04,$20.04,78.6 ¢/oz
"bettergoods Guajillo Pepper & Lime Toasted Corn Nuts, 7 oz Tub",Edible Nuts,4.32,$4.32,61.7 ¢/oz
"Shirakiku Water Chestnuts Sliced, 8 oz, Contains Chestnuts, Does Not Contain Dairy",Canned & Jarred Vegetables,1.44,$1.44,18.0 ¢/oz
"Great Value Roasted & Salted Pumpkin Seeds, 5 oz",Edible Nuts,2.46,$2.46,49.2 ¢/oz
"bettergoods Sesame Oat Bran Sticks, 7 oz",Edible Nuts,4.32,$4.32,61.7 ¢/oz
"(2 pack) Corn Nuts BBQ Crunchy Corn Kernels, 4oz",Edible Nuts,3.04,$3.04,38.0 ¢/oz
"(4 pack) Great Value Smores Trail Mix, 21 oz",Trail Mixes,35.36,$35.36,42.1 ¢/oz
"bettergoods Organic Berry Mix, 7 oz",Trail Mixes,6.42,$6.42,91.7 ¢/oz
"McCormick Sweet & Spicy Party Mix, 1.12 oz Bag",Mixed Spices & Seasonings,1.98,$1.98,$1.77/oz
"(4 pack) Undercover Snacks - Crispy Quinoa Milk Chocolate Snack, 2 oz",Edible Nuts,15.28,$15.28,$1.91/oz
"(4 pack) Muddy Bites Girl Scout Thin Mints Filled Waffle Cone Bites, Resealable Bag, 2.33 oz",Edible Nuts,11.88,$11.88,$1.28/oz
"Muddy Bites Girl Scout Thin Mints Filled Waffle Cone Bites, Resealable Bag, 2.33 oz",Ice Cream Wafers & Cones,2.97,$2.97,$1.28/oz
"Quaker, Quick 1 Minute Oats, Oatmeal, Quick Cook Oatmeal, 42 oz Canister Dry Oats",Oatmeal,4.57,$4.57,10.9 ¢/oz
"Quaker Maple & Brown Sugar Flavor Instant Oatmeal, 1.51 oz 20 Packets",Oatmeal,5.72,$5.72,18.9 ¢/oz
"Quaker Instant Oatmeal, Flavor Variety Value Pack, 20 Packets (8 Apples & Cinnamon, 8 Maple & Brown Sugar, 4 Cinnamon Spice)",Oatmeal,5.72,$5.72,18.9 ¢/oz
"Quaker Oats Old Fashioned 100% Whole Grain Oatmeal, 18 oz Canister",Oatmeal,2.98,$2.98,16.6 ¢/oz
"Quaker, Steel Cut Quick 3-Minute Oats, Microwave or Cook on Stovetop, Oatmeal, 25 oz Canister",Oatmeal,5.17,$5.17,20.7 ¢/oz
"Quaker, Instant Oatmeal, Apple & Cinnamon, 1.51 oz, 20 Packets",Oatmeal,5.72,$5.72,18.9 ¢/oz
"Bob's Red Mill Organic Old Fashioned Rolled Oats, Whole Grain, 32 oz (907 g)",Oatmeal,6.58,$6.58,20.6 ¢/oz
"Great Value Instant Whole Grain Quick Rolled Oats, 42 oz",Oatmeal,4.38,$4.38,10.4 ¢/oz
"Quaker Old Fashioned Instant Whole Grain Oatmeal, 42 oz Canister Dry Oats",Oatmeal,4.57,$4.57,10.9 ¢/oz
"Kodiak Protein-Packed Maple Brown Sugar Instant Oatmeal Packets, 1.76 oz (6 Count)",Oatmeal,5.54,$5.54,52.3 ¢/oz
"Quaker, Instant Oatmeal, Raisin, Date & Walnut, 1.30 oz, 20 Packets",Oatmeal,5.72,$5.72,21.9 ¢/oz
"(2 pack) Kodiak Protein-Packed Chocolate Chip Instant Oatmeal Power Cup, 2.12 oz",Oatmeal,4.36,$4.36,$1.04/oz
"Great Value Instant 100% Whole Grain Old Fashioned Oats Cup, 42 oz",Oatmeal,4.38,$4.38,10.4 ¢/oz
"Great Value Fruit & Cream Variety Instant Oatmeal Value Pack, 1.05 oz, 20 Count",Oatmeal,3.92,$3.92,18.6 ¢/oz
"(3 pack) Kodiak Protein-Packed Instant Oatmeal Packets Variety Pack, 1.76 oz (6 Count)",Oatmeal,16.62,$16.62,52.4 ¢/oz
"Great Value Maple & Brown Sugar Instant Oatmeal, 1.51 oz, 20 Count",Oatmeal,3.92,$3.92,12.9 ¢/oz
"Quaker Instant Oatmeal, Fruit & Cream Variety Pack, 20 Packets",Oatmeal,5.72,$5.72,27.1 ¢/oz
"(4 pack) Oats Overnight Apple Cinnamon Protein Overnight Oatmeal Shake, 2.1 oz, 1 Count",Oatmeal,11.92,$11.92,$1.36/oz
"Kodiak Protein-Packed Classic Rolled Oats, 16 oz Canister",Oatmeal,5.54,$5.54,34.6 ¢/oz
"Oats Overnight Maple Brown Sugar Protein Overnight Oatmeal Shake, 2.1 oz, 1 Count",Oatmeal,2.98,$2.98,$1.42/oz
Quaker Whole Grain Oats Quick 1-Minute Instant Oats 18oz,Oatmeal,2.98,$2.98,16.6 ¢/oz
"(4 pack) Oats Overnight Maple Brown Sugar Protein Overnight Oatmeal Shake, 2.1 oz, 1 Count",Oatmeal,11.92,$11.92,$1.42/oz
"Quaker, Protein Instant Oatmeal, Maple & Brown Sugar, 2.11 oz, 6 Packets",Oatmeal,4.17,$4.17,33.1 ¢/oz
"Quaker Instant Oatmeal, Maple Brown Sugar, 12.1 oz, 8 Packets",Oatmeal,3,$3.00,24.8 ¢/oz
"Great Value Maple & Brown Sugar Instant Oatmeal, 1.51 oz, 10 Count",Oatmeal,1.96,$1.96,13.0 ¢/oz
"bettergoods Organic Oat Bites, 11 oz, 12 Count",Oatmeal,6.98,$6.98,63.5 ¢/oz
"Quaker Maple & Brown Sugar Flavored Instant Oatmeal, 1.69 oz Cup, 1 Count",Oatmeal,1,$1.00,58.8 ¢/oz
"Better Oats Maple & Brown Sugar, Instant, Steel Cut Oatmeal, Hearty 10 Packets, 15.1 oz Box",Oatmeal,2.94,$2.94,19.5 ¢/oz
Bob's Red Mill Whole Grain Quick Cooking Rolled Oats - 28 oz Shelf-Stable Bag,Oatmeal,6.68,$6.68,23.9 ¢/oz
"Mom's Best Quick Whole Grain Oats, Quick Rolled Oats, Hearty 16 oz Tube",Oatmeal,2.08,$2.08,13.0 ¢/oz
"Great Value Instant Oatmeal Fruits and Cream Variety Pack, 1.23 oz, 8 Count",Oatmeal,1.96,$1.96,23.3 ¢/oz
"Quaker Instant Oatmeal, Variety, 12.1 oz, 8 Count",Oatmeal,3,$3.00,24.8 ¢/oz
"Great Value Apples & Cinnamon Instant Oatmeal, 1.23 oz, 20 Count",Oatmeal,3.92,$3.92,15.9 ¢/oz
"Quaker, Instant Oatmeal, Strawberry & Cream, 1.1 oz, 20 Packets",Oatmeal,5.72,$5.72,27.1 ¢/oz
"Quaker Protein Instant Oatmeal, Banana Nut, 12g Protein per Serving, Whole Grains, No Artificial Flavors, 2.15 oz Packets, (6 Pack)",Oatmeal,4.17,$4.17,32.3 ¢/oz
"Quaker Instant Oatmeal, Apple Cinnamon, Quick Cook Oatmeal, 1.5oz Cup",Oatmeal,1,$1.00,66.7 ¢/oz
"Great Value Original Instant Oatmeal, 0.98 oz, 12 Count",Oatmeal,1.96,$1.96,16.5 ¢/oz
"Great Value Strawberries & Cream Instant Oatmeal, 1.05 oz, 8 Count",Oatmeal,1.96,$1.96,23.3 ¢/oz
"Quaker Instant Oatmeal, Strawberries & Cream, 1.51 oz Cup",Oatmeal,1,$1.00,66.7 ¢/oz
"Quaker Instant Oatmeal, Original, 9.8 oz, 10 Packets",Oatmeal,3,$3.00,30.6 ¢/oz
"Quaker Instant Oatmeal, Peaches & Cream, 1.05 oz, 8 Packets",Oatmeal,3,$3.00,35.7 ¢/oz
"Quaker Instant Oatmeal, Apple & Cinnamon, 12.1 oz, 8 Packets",Oatmeal,3,$3.00,24.8 ¢/oz
"Quaker Instant Oatmeal, Maple & Brown Sugar, 1.19 oz, 8 Count Box",Oatmeal,3,$3.00,31.6 ¢/oz
"Quaker Instant Oatmeal, Fruit & Cream Variety, 8ct",Oatmeal,3,$3.00,35.7 ¢/oz
"Quaker Honey & Almond flavored Instant Oatmeal, 1.76 oz",Oatmeal,1,$1.00,55.6 ¢/oz
"Quaker Blueberry & Strawberry flavored Instant Oatmeal, Quick Cook Oatmeal, 1.69 oz Cup",Oatmeal,1,$1.00,58.8 ¢/oz
"Quaker Instant Oatmeal, Dinosaur Eggs & Brown Sugar, 1.76 oz, 8 Packets",Oatmeal,3,$3.00,21.3 ¢/oz
"Great Value Apples & Cinnamon Instant Oatmeal, 1.23 oz, 10 Count",Oatmeal,1.96,$1.96,15.9 ¢/oz
"Great Value Peaches & Cream Instant Oatmeal, 1.05 oz, 8 Count",Oatmeal,1.96,$1.96,23.3 ¢/oz
"Quaker Instant Oatmeal, Apples & Cranberries, Quick Cook Ready-to-Microwave Oatmeal, 1.79 oz Cup",Oatmeal,1,$1.00,55.6 ¢/oz
"Great Value Instant Oats Tube, 18 oz",Oatmeal,2.78,$2.78,15.4 ¢/oz
"Great Value Sugar-Free Maple & Brown Sugar Instant Oatmeal, Box, 0.99 oz, 8 Packets",Oatmeal,1.96,$1.96,24.8 ¢/oz
"Great Value Instant Old Fashioned Oats Tube, 18 oz",Oatmeal,2.23,$2.23,12.4 ¢/oz
"Kodiak Protein-Packed Instant Oatmeal Packets Variety Pack, 1.76 oz (6 Count)",Oatmeal,5.54,$5.54,52.4 ¢/oz
"Quaker Essentials Instant Oatmeal, Variety Pack, Good Source of Vitamins, Protein and Fiber, 10.3 Ounce",Oatmeal,4.17,$4.17,40.6 ¢/oz
"Quaker Protein Instant Oatmeal, Cranberry Almond, 12g Protein per Serving, Whole Grains, No Artificial Flavors, 2.18 oz Packets, (6 Pack)",Oatmeal,4.17,$4.17,31.8 ¢/oz
Quaker Instant Oatmeal Bananas & Cream 1.05 Oz 8 Count,Oatmeal,3.16,$3.16,37.6 ¢/oz
"Great Value Maple & Brown Sugar Instant Oatmeal Cup, 1.69 oz",Oatmeal,0.86,$0.86,50.9 ¢/oz
"Kodiak Peak Protein-Packed Berries and Cream Instant Oatmeal Packets, 2.65 oz (4 Count)",Oatmeal,6.28,$6.28,47.6 ¢/oz
"Quaker Immunity Instant Oatmeal, Blueberry Blackberry, Good Source of Vitamins C, D, & Zinc, Whole Grains. 1.41 oz packets, (6 Pack)",Oatmeal,4.17,$4.17,49.6 ¢/oz
"Quaker Protein Instant Oatmeal, Apples & Cinnamon, 12g Protein per Serving, Whole Grains, 2.11 oz Packets, (6 Pack)",Oatmeal,4.17,$4.17,33.1 ¢/oz
"Great Value Apples & Cinnamon Instant Oatmeal Cup, 1.51 oz",Oatmeal,0.86,$0.86,57.3 ¢/oz
"Quaker Immunity Instant Oatmeal, Raspberry Strawberry, Good Source of Vitamins C, D, & Zinc, Whole Grains, 1.41 oz packets, (6 Pack)",Oatmeal,4.17,$4.17,49.6 ¢/oz
Bobs Red Mill Protein Oats 16 oz,Oatmeal,4.92,$4.92,30.8 ¢/oz
"Kodiak Protein-Packed Blueberries and Cream Instant Oatmeal Packets, 1.76 oz (6 Count)",Oatmeal,5.54,$5.54,52.3 ¢/oz
"Kodiak Protein-Packed Chocolate Chip Instant Oatmeal Power Cup, 2.12 oz",Oatmeal,2.18,$2.18,$1.04/oz
"Quaker Quick 1-Minute Oats, Gluten Free, 18 oz Canister",Oatmeal,4.18,$4.18,23.2 ¢/oz
"Quaker Instant Oatmeal, Gluten Free, Maple Brown Sugar, 8 Packets",Oatmeal,4.17,$4.17,34.5 ¢/oz
"Great Value Organic Old Fashioned Oats, 18 oz Carton",Oatmeal,3.76,$3.76,20.9 ¢/oz
"(3 pack) Great Value Instant Whole Grain Quick Rolled Oats, 42 oz",Oatmeal,13.14,$13.14,10.4 ¢/oz
"(4 pack) Great Value Fruit & Cream Variety Instant Oatmeal Value Pack, 1.05 oz, 20 Count",Oatmeal,15.68,$15.68,18.6 ¢/oz
"Kencko Choco Banana Organic Easy Instant Oatmeal, 1.52 oz, 6 Pack",Oatmeal,5.74,$5.74,63.1 ¢/oz
"Kencko Apple Cinnamon Organic Easy Instant Oatmeal, 1.52 oz, 6 Pack",Oatmeal,5.74,$5.74,63.1 ¢/oz
"(4 pack) Great Value Instant Oats Tube, 18 oz",Oatmeal,11.12,$11.12,15.4 ¢/oz
"Proper Good Apple Cinnamon Overnight Oats, 15g Protein, Shelf-Stable, 2.2 oz Tub",Oatmeal,2.98,$2.98,$1.36/oz
"Oats Overnight Apple Cinnamon Protein Overnight Oatmeal Shake, 2.1 oz, 1 Count",Oatmeal,2.98,$2.98,$1.36/oz
"Oats Overnight Chocolate Peanut Butter Protein Overnight Oatmeal Shake, 2.2 oz, 1 Count",Pediatric Nutrition Shakes,2.98,$2.98,$1.36/oz
"(4 pack) Great Value Instant Old Fashioned Oats Tube, 18 oz",Oatmeal,8.92,$8.92,12.4 ¢/oz
"(3 pack) Kodiak Protein-Packed Maple Brown Sugar Instant Oatmeal Packets, 1.76 oz (6 Count)",Oatmeal,16.62,$16.62,52.3 ¢/oz
"Bob's Red Mill Old Country Style Muesli, 18 oz Shelf-Stable Bag",Muesli,3.88,$3.88,48.5 ¢/oz
"Best Press Toddler Food, Delicious Blueberry Overnight Oats, with Texture and Advanced Flavor Profile, 4.6oz or 130g, Clean Ingredient Profile, No Artificial Ingredients",Baby Foods,1.48,$1.48,32.2 ¢/oz
(4 pack) Bobs Red Mill Protein Oats 16 oz,Oatmeal,19.68,$19.68,30.8 ¢/oz
"(3 pack) Kodiak Protein-Packed Classic Rolled Oats, 16 oz Canister",Oatmeal,16.62,$16.62,34.6 ¢/oz
"(4 pack) Oats Overnight Chocolate Peanut Butter Protein Overnight Oatmeal Shake, 2.2 oz, 1 Count",Meal Replacement Drinks,11.92,$11.92,$1.36/oz
"(3 pack) Kodiak Peak Protein-Packed Berries and Cream Instant Oatmeal Packets, 2.65 oz (4 Count)",Oatmeal,18.84,$18.84,47.6 ¢/oz
"(3 pack) Kodiak Protein-Packed Blueberries and Cream Instant Oatmeal Packets, 1.76 oz (6 Count)",Oatmeal,16.62,$16.62,52.3 ¢/oz
"Olibites Pitted Green Olives with Chili Pepper - 1 oz, Liquid Free, Allergen Free",Olives,1.78,$1.78,$1.78/oz
"(3 pack) La Costea Pickled Whole Jalapeno Peppers, 25.9 oz",Canned & Jarred Vegetables,5.01,$5.01,6.4 ¢/oz
"La Costea Pickled Nacho Jalapeno Slices, 15.5 oz",Canned & Jarred Vegetables,1.88,$1.88,12.1 ¢/oz
"Great Value Stuffed Queen Olives with Minced Pimento, 10 oz",Olives,3.96,$3.96,39.6 ¢/oz
"Mezzetta Hot Chili Peppers, 32 oz Jar",Pickles,5.27,$5.27,16.5 ¢/fl oz
Fine Food Dittmann Golden Greek Peppers Stuffed with Cream Cheese & Feta,Olives,5.23,$5.23,51.1 ¢/oz
"(3 pack) Great Value Stuffed Pimento Jumbo Queen Olives, 7oz Jar",Olives,11.22,$11.22,53.4 ¢/oz
"(3 pack) Great Value Stuffed Manzanilla Olives with Minced Pimento, 21 oz",Olives,16.32,$16.32,25.9 ¢/oz
"(3 pack) Great Value Stuffed Queen Olives with Minced Pimento, 10 oz",Olives,11.88,$11.88,39.6 ¢/oz
"Mezzetta Mild Banana Pepper Rings, 32 fl oz Jar",Canned & Jarred Vegetables,4.24,$4.24,13.3 ¢/fl oz
"Mezzetta Sliced Hot Jalapeo Peppers, 16 fl oz Jar",Canned & Jarred Vegetables,2.97,$2.97,18.6 ¢/fl oz
(3 pack) Santa Barbara Pimento Stuffed Olives 5 oz,Olives,10.02,$10.02,66.8 ¢/oz
"(2 pack) Mezzetta Sweet Banana Peppers, 16 fl oz Jar",Canned & Jarred Vegetables,5.94,$5.94,18.6 ¢/fl oz
"(2 pack) Mezzetta Mild Banana Pepper Rings, 16 fl oz Jar",Canned & Jarred Vegetables,5.94,$5.94,18.6 ¢/fl oz
"La Costea Chipotle Peppers in Adobo Sauce, 7 oz",Canned & Jarred Vegetables,1.63,$1.63,23.3 ¢/oz
"Great Value Canned Hot Diced Jalapeno Peppers, 4 oz",Canned & Jarred Vegetables,0.88,$0.88,22.0 ¢/oz
(2 pack) Fine Food Dittmann Golden Greek Peppers Stuffed with Cream Cheese & Feta,Olives,10.46,$10.46,51.1 ¢/oz
"Mezzetta Roasted Red Bell Pepper Strips, 16 fl oz Jar (CA Only)",Pickles,3.97,$3.97,24.8 ¢/fl oz
"Mezzetta Sliced Hot Jalapeo Peppers, 32 fl oz Jar",Canned & Jarred Vegetables,4.24,$4.24,13.3 ¢/fl oz
"La Costea Serrano Peppers & Sliced Pickled Carrots, 12 oz",Pickles,1.57,$1.57,13.1 ¢/oz
"(2 pack) Mezzetta Sliced Hot Jalapeo Peppers, 16 fl oz Jar",Canned & Jarred Vegetables,5.94,$5.94,18.6 ¢/fl oz
"(3 pack) La Costea Pickled Sliced Jalapenos, 28 oz",Canned & Jarred Vegetables,7.41,$7.41,8.8 ¢/oz
"(3 pack) Great Value Hot Sliced Jalapeo Peppers, 12 oz",Canned & Jarred Vegetables,5.91,$5.91,16.4 ¢/oz
"Great Value Hot Sliced Jalapeo Peppers, 12 oz",Canned & Jarred Vegetables,1.97,$1.97,16.4 ¢/oz
"(3 pack) Great Value Mild Banana Pepper Rings, 12.5 fl oz",Canned & Jarred Vegetables,5.91,$5.91,15.8 ¢/fl oz
"(2 pack) Mezzetta Mild Banana Pepper Rings, 32 fl oz Jar",Canned & Jarred Vegetables,8.48,$8.48,13.3 ¢/fl oz
"(3 pack) Mezzetta Sliced Tamed Jalapeo Peppers, 16 fl oz Jar",Canned & Jarred Vegetables,8.91,$8.91,18.6 ¢/fl oz
"(3 pack) La Costea Pickled Nacho Jalapeno Slices, 15.5 oz",Canned & Jarred Vegetables,5.64,$5.64,12.1 ¢/oz
"(2 pack) Mezzetta Sliced Tamed Jalapeo Peppers, 32 fl oz Jar",Canned & Jarred Vegetables,8.48,$8.48,13.3 ¢/fl oz
"(3 pack) Mezzetta Hot Chili Peppers, 32 oz Jar",Canned & Jarred Vegetables,15.81,$15.81,16.5 ¢/fl oz
"La Costea Chipotle Peppers in Adobo Sauce, 12 oz",Canned & Jarred Vegetables,2.97,$2.97,24.8 ¢/oz
Fine Food Dittmann Long Stuffed Greek Peppers,Canned & Jarred Vegetables,5.23,$5.23,51.1 ¢/oz
"(3 pack) Mezzetta Sliced Hot Jalapeo Peppers, 32 fl oz Jar",Canned & Jarred Vegetables,12.72,$12.72,13.3 ¢/fl oz
"Mezzetta Roasted Red Bell Peppers, 16 oz Jar - CA Only",Canned & Jarred Vegetables,3.57,$3.57,22.3 ¢/fl oz
"(8 pack) La Costea Chipotle Peppers in Adobo Sauce, 7 oz",Canned & Jarred Vegetables,13.04,$13.04,23.3 ¢/oz
"(2 pack) La Costea Chipotle Peppers in Adobo Sauce, 12 oz",Canned & Jarred Vegetables,5.94,$5.94,24.8 ¢/oz
"(3 pack) Mezzetta Roasted Red Bell Peppers, 16 oz Jar - CA Only",Canned & Jarred Vegetables,10.71,$10.71,22.3 ¢/fl oz
"(4 pack) Famous Dave's Devil's Spit Pickle Chips, 24 fl oz Jar",Pickles,17.08,$17.08,17.8 ¢/fl oz
"Famous Dave's Devil's Spit Pickle Chips, 24 fl oz Jar",Pickles,4.27,$4.27,17.8 ¢/fl oz
"(4 pack) La Costea Serrano Peppers & Sliced Pickled Carrots, 12 oz",Canned & Jarred Vegetables,6.28,$6.28,13.1 ¢/oz
"Claussen Kosher Dill Pickle Spears, 24 fl. oz. Jar",Pickles,4.93,$4.93,20.5 ¢/fl oz
"Mezzetta Hot Cauliflower, Fresh Pack Hot, Certified Gluten Free and Keto Verified, 16 oz",Canned & Jarred Vegetables,3.26,$3.26,20.4 ¢/fl oz
"HATCH Select Diced Green Chiles, Hot, 4oz, Kosher, Gluten Free Certified, Non-GMO Certified, Whole30",Canned & Jarred Vegetables,1.87,$1.87,46.8 ¢/oz
"Vlasic Zesty Dill Pickle Spears, Keto Friendly, 24 fl. oz.",Pickles,2.97,$2.97,12.4 ¢/fl oz
"(3 pack) Vlasic Zesty Dill Pickle Spears, Keto Friendly, 24 fl. oz.",Pickles,8.91,$8.91,12.4 ¢/fl oz
"Claussen Kosher Dill Pickle Halves, 32 fl. oz. Jar",Pickles,4.93,$4.93,15.4 ¢/fl oz
"Fresh Thai Chile Peppers, 4 Ounce Bag",Pepper & Peppercorns,3.48,$3.48,87.0 ¢/oz
"Claussen Kosher Dill Pickle Chips, 20 fl. oz. Jar",Pickles,4.24,$4.24,21.2 ¢/fl oz
"Claussen Deli-Style Kosher Dill Pickle Spears, 64 fl. oz. Jar",Pickles,9.97,$9.97,15.6 ¢/fl oz
"Claussen Kosher Dill Pickle Sandwich Slices, 20 fl. oz. Jar",Pickles,4.93,$4.93,24.7 ¢/fl oz
"Polar Premium Sele ct Marinated Mushrooms, 35 oz",Canned & Jarred Vegetables,8.97,$8.97,25.6 ¢/oz
"Vlasic Sweet Relish, Keto Friendly, 10 fl. oz.",Relishes,1.92,$1.92,19.2 ¢/fl oz
"Great Value Penne Pasta, 16 oz",Pasta,0.74,$0.74,4.6 ¢/oz
"Great Value Rotini, 16 oz",Pasta,0.74,$0.74,4.6 ¢/oz
"Great Value Bowties, 12 oz",Pasta,0.74,$0.74,6.2 ¢/oz
"Great Value Spaghetti, 16 oz",Pasta,0.74,$0.74,4.6 ¢/oz
"Barilla Classic Non-GMO, Kosher Certified Cellentani Pasta, 16 oz",Pasta,1.84,$1.84,11.5 ¢/oz
"Great Value Rigatoni, 16 oz",Pasta,0.74,$0.74,4.6 ¢/oz
"Great Value Fettuccine, 16 oz",Pasta,0.74,$0.74,4.6 ¢/oz
"Great Value Garden Rotini Pasta, 16 oz",Pasta,0.74,$0.74,4.6 ¢/oz
"Great Value Elbows, 16 oz",Pasta,0.98,$0.98,6.1 ¢/oz
"Barilla Classic Non-GMO, Kosher Certified Rotini Pasta, 16 oz",Pasta,1.84,$1.84,11.5 ¢/oz
"Barilla Classic Non-GMO, Kosher Certified Ditalini Pasta, 16 oz",Pasta,1.24,$1.24,7.8 ¢/oz
"Great Value Pot Perfect Angel Hair Pasta, 16 oz",Pasta,0.74,$0.74,4.6 ¢/oz
"Barilla Classic Non-GMO, Kosher Certified Spaghetti Pasta, 16 oz",Pasta,1.84,$1.84,11.5 ¢/oz
"(6 pack) Great Value Garden Rotini Pasta, 16 oz",Pasta,4.08,$4.08,4.3 ¢/oz
"Barilla Classic Non-GMO, Kosher Certified Penne Pasta, 16 oz",Pasta,1.84,$1.84,11.5 ¢/oz
"Barilla Protein+ Penne Pasta, Plant Based Pasta, 14.5oz",Pasta,2.52,$2.52,17.4 ¢/oz
"Great Value Elbows Pasta, 32 oz",Pasta,1.94,$1.94,6.1 ¢/oz
"Great Value Orzo Pasta, 16 oz",Pasta,0.98,$0.98,6.1 ¢/oz
"Barilla Classic Non-GMO, Kosher Certified Rigatoni Pasta, 16 oz",Pasta,1.84,$1.84,11.5 ¢/oz
"Barilla Classic Non-GMO, Kosher Certified Farfalle Pasta, 16 oz",Pasta,1.84,$1.84,11.5 ¢/oz
"Great Value Linguine, 16 oz",Pasta,0.74,$0.74,4.6 ¢/oz
"Great Value Spaghetti Pasta, 1 lb, 4 Count",Pasta,3.87,$3.87,6.0 ¢/oz
"Barilla Protein+ Spaghetti Pasta, Plant Based Pasta, 14.5oz",Pasta,2.27,$2.27,15.7 ¢/oz
"Great Value Small Shells, 16 oz",Pasta,0.74,$0.74,4.6 ¢/oz
"Great Value Angel Hair, 16 oz, Shelf Stable",Pasta,0.74,$0.74,4.6 ¢/oz
"Great Value Ziti, 16 oz",Pasta,0.74,$0.74,4.6 ¢/oz
"Barilla Classic Non-GMO, Kosher Certified Snowfall Pasta, 12 oz.",Pasta,1.84,$1.84,15.3 ¢/oz
"Giovanni Rana Tortellini 5 Cheese Premium Flat Cut Pasta Bag (Family Size, 18oz), Refrigerated",Pasta,8.74,$8.74,48.6 ¢/oz
"Barilla Classic Non-GMO, Kosher Certified Fettuccine Pasta, 16 oz",Pasta,1.84,$1.84,11.5 ¢/oz
"Brami Fusilli High Protein Pasta, Made in Italy, 21g Protein, High Fiber, Low Carb Vs. Regular Pasta Noodles, Durum Wheat Plus Lupini Beans, Bronze Cut Shelf-Stable Noodles, 12 oz Box",Pasta,2.98,$2.98,24.8 ¢/oz
"Great Value Cheese Tortellini Pasta, 19 oz Bag (Frozen)",Packaged Meals,4.27,$4.27,22.5 ¢/oz
"bettergoods Bronze Cut Fusilli Bucati Pasta, No. 4103, 16 oz",Pasta,2.14,$2.14,13.4 ¢/oz
"(4 pack) Barilla Classic Non-GMO, Kosher Certified Ditalini Pasta, 16 oz",Pasta,4.96,$4.96,7.8 ¢/oz
"Knorr Pasta Sides Cheddar Broccoli Fusilli Made with No Artificial Flavors, 4.3 Oz Pouch",Packaged Side Dishes,1.24,$1.24,28.8 ¢/oz
"Barilla Classic Non-GMO, Kosher Certified Mini Farfalle Pasta, 16 oz",Pasta,1.84,$1.84,11.5 ¢/oz
"bettergoods Bronze Cut Radiatori Pasta, No. 496, 16 oz",Pasta,2.14,$2.14,13.4 ¢/oz
"Barilla Protein+ Farfalle Pasta, Plant Based Pasta, 14.5oz",Pasta,2.52,$2.52,17.4 ¢/oz
"Barilla Classic Non-GMO, Kosher Certified Elbows Pasta, 16 oz",Pasta,1.84,$1.84,11.5 ¢/oz
"Barilla Classic Non-GMO, Kosher Certified Tri-Color Rotini Pasta, 12 oz",Pasta,1.84,$1.84,15.3 ¢/oz
"Great Value Thin Spaghetti, 1 lb",Pasta,0.68,$0.68,4.3 ¢/oz
"Pasta Roni Linguine with Olive Oil & Italian Herb Flavor, 4.7 oz Box",Packaged Side Dishes,1.38,$1.38,29.4 ¢/oz
"Knorr No Artificial Flavors Parmesan Pasta Sides, 7 Minute Cook Time, 4.3 oz",Packaged Side Dishes,1.24,$1.24,28.8 ¢/oz
"De Cecco Cavatappi No. 87 Pasta, 16 oz",Pasta,2.58,$2.58,16.1 ¢/oz
"Barilla Classic Non-GMO, Kosher Certified Mini Penne Pasta, 16 oz",Pasta,1.84,$1.84,11.5 ¢/oz
"Barilla Classic Non-GMO, Kosher Certified Medium Shells Pasta, 16 oz",Pasta,1.84,$1.84,11.5 ¢/oz
Golden Grain 16 oz Ditalini Pasta,Pasta,1.66,$1.66,10.4 ¢/oz
"Rao's Homemade Fusili, Premium Italian Pasta Made from Durum Semolina Flour, 16 Oz",Pasta,2.98,$2.98,18.6 ¢/oz
"Knorr Pasta Sides Chicken Flavor Fettuccine Made with No Artificial Flavors, 4.3 Oz Pouch",Packaged Side Dishes,1,$1.00,23.3 ¢/oz
"Barilla Classic Non-GMO, Kosher Certified Angel Hair Pasta, 16 oz",Pasta,1.84,$1.84,11.5 ¢/oz
"Rao's Homemade Penne Rigate, Premium Italian Pasta Made from Durum Semolina Flour, 16 Oz",Pasta,2.98,$2.98,18.6 ¢/oz
"Barilla Classic Non-GMO, Kosher Certified Orzo Pasta, 16 oz",Pasta,1.84,$1.84,11.5 ¢/oz
"Barilla Classic Non-GMO, Kosher Certified Thin Spaghetti Pasta Noodles, 16 oz",Pasta,1.84,$1.84,11.5 ¢/oz
"Great Value Penne, 32 oz Shelf Stable",Pasta,1.94,$1.94,6.1 ¢/oz
"bettergoods Bronze Cut Casarecce Pasta, No. 40, 16 oz",Pasta,2.14,$2.14,13.4 ¢/oz
"Barilla Classic Non-GMO, Kosher Certified Linguine Pasta, 16 oz",Pasta,1.84,$1.84,11.5 ¢/oz
"Giovanni Rana Ravioli Mozzarella Cheese Filled Italian Pasta Bag (Family Size, 18oz, Fresh), Refrigerated",Pasta,8.74,$8.74,48.6 ¢/oz
"Knorr Pasta Sides Alfredo Fettuccine Made with No Artificial Flavors, 4.4 Oz Pouch",Packaged Side Dishes,1,$1.00,22.7 ¢/oz
"Rao's Homemade Rigatoni Pasta, Premium Italian Pasta Made from Durum Semolina Flour, 16 Oz",Pasta,2.98,$2.98,18.6 ¢/oz
"Banza Rotini Pasta from Chickpeas - Gluten Free, High Protein, and Lower Carb Protein Noodles, 8oz",Pasta,3.32,$3.32,41.5 ¢/oz
"bettergoods Bronze Cut Trompetti Pasta, No. 87, 16 oz",Pasta,2.14,$2.14,13.4 ¢/oz
"Barilla Classic Non-GMO, Kosher Certified Thick Spaghetti Pasta, 16 oz",Pasta,1.84,$1.84,11.5 ¢/oz
"Great Value Rotini, 32 oz Shelf Stable",Pasta,1.94,$1.94,6.1 ¢/oz
"Banza Penne Pasta from Chickpeas - Gluten Free, High Protein, and Lower Carb Shelf-Stable Protein Noodles, 8oz",Pasta,3.32,$3.32,41.5 ¢/oz
"(4 pack) Great Value Spaghetti Pasta, 1 lb, 4 Count",Pasta,15.48,$15.48,6.0 ¢/oz
"Knorr No Artificial Flavors Stroganoff Fettuccine Pasta Sides, 7 Minute Cook Time, 4 oz",Packaged Side Dishes,1.24,$1.24,31.0 ¢/oz
"Great Value Elbow Pasta, 48 oz",Pasta,2.72,$2.72,5.7 ¢/oz
"Great Value Oven Ready Lasagna Pasta, 12 oz",Pasta,1.57,$1.57,13.1 ¢/oz
"Golden Grain Fettuccine, 16 oz",Pasta,1.66,$1.66,10.4 ¢/oz
"Giovanni Rana Ravioli Spinach Ricotta Premium Filled Pasta Bag (Family Size, 18oz), Refrigerated",Pasta,8.74,$8.74,48.6 ¢/oz
"Golden Grain Bowties, 16 oz",Pasta,1.66,$1.66,10.4 ¢/oz
"Great Value Manicotti, 8 oz",Pasta,1.84,$1.84,23.0 ¢/oz
"Great Value Jumbo Shell, 12 oz",Pasta,1.84,$1.84,15.3 ¢/oz
"Barilla Whole Grain Penne Pasta, 100% Whole Wheat, 16 oz. Box",Pasta,1.84,$1.84,11.5 ¢/oz
"Rao's Homemade Farfalle Pasta, Premium Italian Pasta Made from Durum Semolina Flour, 16 Oz",Pasta,2.98,$2.98,18.6 ¢/oz
"Pasta Roni Four Cheese Corkscrew Pasta, 6oz Box",Pasta,1.38,$1.38,23.0 ¢/oz
"Barilla Ready Pasta Fully Cooked Pasta Rotini, 7 oz",Pasta,1.24,$1.24,17.7 ¢/oz
"Knorr No Artificial Flavors Creamy Butter & Herb Pasta Sides Ready Meals, 4.4 oz Regular Pouch",Packaged Side Dishes,1.24,$1.24,28.2 ¢/oz
"Pasta Roni Parmesan Cheese Angel Hair Pasta, 5.1 oz Box",Packaged Side Dishes,1.38,$1.38,27.1 ¢/oz
"Knorr Pasta Sides Cheesy Cheddar Rotini Pasta Made with No Artificial Flavors, 4.3 Oz Pouch",Packaged Side Dishes,1.24,$1.24,28.8 ¢/oz
"Great Value Spaghetti, 32 oz",Pasta,1.94,$1.94,6.1 ¢/oz
"DeLallo Pappardelle Egg Pasta Nests, 8.8 Ounce Bag, Made in Italy, Kosher, Non-GMO",Pasta,2.74,$2.74,31.1 ¢/oz
"bettergoods Bronze Cut Bucatini Pasta, No. 520, 16 oz Shelf Stable",Pasta,2.14,$2.14,13.4 ¢/oz
"Pasta Roni Fettuccine Alfredo, 4.7 oz Box",Packaged Meals,1.38,$1.38,29.4 ¢/oz
"De Cecco Penne Rigate No.41 Pasta, 16 oz  No Egg, Milk, or Soy  Contains Wheat",Pasta,2.58,$2.58,16.1 ¢/oz
"DeLallo Shellbow Pasta, Made in Italy, Non-GMO, 16 oz Bag",Pasta,2.48,$2.48,15.5 ¢/oz
"El Mexicano Thin Vermicelli Pasta, Fideo Delgado, 7 oz Bag",Pasta,0.52,$0.52,7.4 ¢/oz
"Knorr Pasta Sides Teriyaki Noodles Lo Mein Noodles Made with No Artificial Flavors, 4.6 oz Pouch",Packaged Side Dishes,1.24,$1.24,27.0 ¢/oz
"Barilla Classic Non-GMO, Filled Three Cheese Tortellini Pasta, 12 oz",Pasta,5.23,$5.23,43.6 ¢/oz
"(4 pack) Brami Fusilli High Protein Pasta, Made in Italy, 21g Protein, High Fiber, Low Carb Vs. Regular Pasta Noodles, Durum Wheat Plus Lupini Beans, Bronze Cut Shelf-Stable Noodles, 12 oz Box",Pasta,11.92,$11.92,24.8 ¢/oz
"Barilla Classic Non-GMO, Kosher Certified Ziti Pasta, 16 oz",Pasta,1.84,$1.84,11.5 ¢/oz
"DeLallo Orecchiette Pasta, Made in Italy, Non-GMO,  16 oz Bag",Pasta,2.48,$2.48,15.5 ¢/oz
"De Cecco Spaghetti No. 12 Pasta, 1 lb.  Made from Coarse Semolina (Durum Wheat), Non-GMO, Slow Dried, Contains Wheat, May Contain Soy.",Pasta,2.78,$2.78,17.4 ¢/oz
"No Yolks Enriched Egg White Pasta Broad, 12.0 OZ",Pasta,2.52,$2.52,21.0 ¢/oz
"Barilla Gluten Free Penne Pasta, 12 oz",Pasta,2.74,$2.74,22.8 ¢/oz
"Giovanni Rana Tortelloni Chicken Mozzarella Cheese Filled Pasta Bag (Family Size, 19oz, Fresh), Refrigerated",Pasta,8.94,$8.94,49.7 ¢/oz
"Hamburger Helper Beef Pasta with Rich Beef Flavor, 5.9 oz Box",Packaged Meals,1.84,$1.84,31.2 ¢/oz
"Marketside Five Cheese Tortellini, No Artificial Ingredients, 18 oz Tray",Pasta,6.97,$6.97,38.7 ¢/oz
"Hamburger Helper Deluxe Beef Stroganoff Pasta, 5.5 oz Box",Packaged Meals,1.84,$1.84,33.5 ¢/oz
"Golden Grain Small Sea Shells, 16 oz",Pasta,1.66,$1.66,10.4 ¢/oz
"El Mexicano Alphabet Pasta, Letras, 7 oz Bag",Pasta,0.52,$0.52,7.4 ¢/oz
"Banza Cavatappi Pasta from Chickpeas - Gluten Free, High Protein, and Lower Carb Protein Noodles, 8oz",Pasta,3.32,$3.32,41.5 ¢/oz
"Rao's Homemade Casarecce Pasta, Premium Italian Pasta Made from Durum Semolina Flour, 16 Oz",Pasta,2.98,$2.98,18.6 ¢/oz
"Golden Grain Linguine Pasta, 16 oz",Pasta,1.66,$1.66,10.4 ¢/oz
"Banza Spaghetti Pasta from Chickpeas - Made In Italy, High Protein, High Fiber, Lower Carb Italian Chickpea Noodles, 8oz",Pasta,3.32,$3.32,41.5 ¢/oz
"bettergoods Gluten Free Spaghetti Multigrain Pasta, 12 oz",Pasta,2.58,$2.58,21.5 ¢/oz
"Barilla Gluten Free Rotini Pasta, 12 oz",Pasta,2.74,$2.74,22.8 ¢/oz
"Barilla Classic Non-GMO, Kosher Certified Spaghetti Pasta, 32 oz",Pasta,3.12,$3.12,9.8 ¢/oz
"Barilla Classic Non-GMO, Filled Cheese and Spinach Tortellini Pasta, 12 oz",Pasta,5.23,$5.23,43.6 ¢/oz
"Hamburger Helper Pasta Cheesy Italian Shells, 6.1 Ounces Box",Packaged Meals,1.84,$1.84,30.2 ¢/oz
"(6 pack) Great Value Penne Pasta, 16 oz",Pasta,4.44,$4.44,4.6 ¢/oz
"Great Value Whole Wheat Penne, 16 oz",Pasta,1.66,$1.66,10.4 ¢/oz
"Knorr No Artificial Flavors Alfredo Broccoli Fettuccine Pasta Sides, 8 Minute Cook Time, 4.5 oz",Packaged Side Dishes,1.24,$1.24,27.6 ¢/oz
"Barilla Whole Grain Spaghetti, 100% Whole Wheat, 16 oz. Box",Pasta,1.84,$1.84,11.5 ¢/oz
"Knorr No Artificial Flavors Chicken Broccoli Fettuccine Pasta Sides, 8 Minute Cook Time, 4.2 oz",Packaged Side Dishes,1.24,$1.24,29.5 ¢/oz
"Golden Grain Elbows, 16 oz",Pasta,1.66,$1.66,10.4 ¢/oz
"(2 pack) Barilla Classic Non-GMO, Kosher Certified Snowfall Pasta, 12 oz.",Pasta,3.68,$3.68,15.3 ¢/oz
Rao's Homemade Linguine 16oz,Pasta,2.98,$2.98,18.6 ¢/oz
"Golden Grain Thin Spaghetti, 16 oz",Pasta,1.66,$1.66,10.4 ¢/oz
"Giovanni Rana Ravioli Chicken Roasted Garlic Filled Italian Pasta Bag (Family Size, 18oz, Fresh), Refrigerated",Pasta,8.14,$8.14,45.2 ¢/oz
"Marketside Italian Basil and Parmesan Cheese Sacchetti, Fresh Artisanal Pasta, 9 oz",Pasta,3.92,$3.92,43.6 ¢/oz
"Great Value Egg-Free Wide Pasta Ribbons, 12 oz",Pasta,2.47,$2.47,20.6 ¢/oz
"Barilla Classic Non-GMO, Kosher Certified Elbows Pasta, 32 oz",Pasta,3.12,$3.12,9.8 ¢/oz
"(4 pack) Barilla Classic Non-GMO, Kosher Certified Snowfall Pasta, 12 oz.",Pasta,7.36,$7.36,15.3 ¢/oz
"Colavita Fettuccine Nest Pasta, 1 Pound",Pasta,3.38,$3.38,21.1 ¢/oz
"De Cecco Linguine No. 7 Pasta, 16 oz  Contains Wheat, Free from Dairy, Eggs, and Nuts",Pasta,2.78,$2.78,17.4 ¢/oz
"Barilla Gluten Free Spaghetti Pasta, 12 oz",Pasta,2.5,$2.50,20.8 ¢/oz
"Barilla Ready Pasta Fully Cooked Pasta Penne, 7 oz",Pasta,1.24,$1.24,17.7 ¢/oz
"Golden Grain Angel Hair Pasta, 16 oz",Pasta,1.66,$1.66,10.4 ¢/oz
"El Mexicano Elbow Pasta, Coditos, 7 oz Bag",Pasta,0.52,$0.52,7.4 ¢/oz
"(5 pack) Great Value Pot Perfect Angel Hair Pasta, 16 oz",Pasta,3.7,$3.70,4.6 ¢/oz
"Barilla Classic Whole Grain Pasta, Thin Spaghetti Noodles, 16 oz",Pasta,1.84,$1.84,11.5 ¢/oz
"Brami Spaghetti High Protein Pasta, Made in Italy, 21g Protein, High Fiber, Low Carb Vs. Regular Pasta Noodles, Durum Wheat Plus Lupini Beans, Bronze Cut Shelf-Stable Noodles, 14.5 oz Box",Pasta,2.98,$2.98,20.6 ¢/oz
"Barilla Gluten Free Chickpea Rotini Pasta, 8.8 oz",Pasta,2.92,$2.92,33.2 ¢/oz
"Suddenly Salad Ranch & Bacon Pasta Salad Mix with Vegetable Blend & Seasoning, 7.5 oz Box",Packaged Salads,2.48,$2.48,33.1 ¢/oz
"Hamburger Helper Pasta Stroganoff, 10.2 oz Value Size Box",Packaged Meals,2.73,$2.73,26.8 ¢/oz
"Barilla Ready Pasta Fully Cooked Pasta Elbows, 7 oz",Pasta,1.97,$1.97,28.1 ¢/oz
"Barilla Gluten Free Fettuccine Pasta, 12 oz",Pasta,2.74,$2.74,22.8 ¢/oz
"SpaghettiOs Original Canned Pasta, 15.8 oz Can",Packaged Meals,1.37,$1.37,8.7 ¢/oz
"(6 pack) Barilla Classic Non-GMO, Kosher Certified Rotini Pasta, 16 oz",Pasta,11.04,$11.04,11.5 ¢/oz
"Marketside Lemon & Burrata Ravioli, Refrigerated, 9 oz",Pasta,3.92,$3.92,43.6 ¢/oz
"Marketside Five Cheese Ravioli, No Artificial Ingredients, 18 oz Tray",Pasta,6.97,$6.97,38.7 ¢/oz
"Marketside Five Cheese Mini Ravioli, No Artificial Ingredients, 18 oz Tray",Pasta,6.97,$6.97,38.7 ¢/oz
"(5 pack) Barilla Classic Non-GMO, Kosher Certified Thin Spaghetti Pasta Noodles, 16 oz",Pasta,9.2,$9.20,11.5 ¢/oz
"(3 pack) De Cecco Penne Rigate No.41 Pasta, 16 oz  No Egg, Milk, or Soy  Contains Wheat",Pasta,7.74,$7.74,16.1 ¢/oz
"De Cecco Mezzi Rigatoni Pasta, 1 lb Imported from Italy. Non GMO",Pasta,2.73,$2.73,17.1 ¢/oz
"DeLallo Potato Gnocchi Pasta, Made in Italy, Non-GMO, 16 oz Box",Pasta,2.44,$2.44,15.3 ¢/oz
"Hamburger Helper Cheesy Ranch Burger, 5.5 oz Box",Packaged Meals,1.84,$1.84,24.9 ¢/oz
"Hamburger Helper Deluxe Philly Cheesesteak Pasta, 4.8 oz Box",Pasta,1.84,$1.84,38.3 ¢/oz
"Golden Grain Mission Enriched Spaghetti, 16 oz",Pasta,1.66,$1.66,10.4 ¢/oz
"Great Value Whole Wheat Elbows Pasta, 16 oz",Pasta,1.66,$1.66,10.4 ¢/oz
"Barilla Gluten Free Red Lentil Rotini Pasta, 8.8 oz",Pasta,2.92,$2.92,33.2 ¢/oz
"(4 pack) Barilla Classic Non-GMO, Filled Three Cheese Tortellini Pasta, 12 oz",Pasta,19.92,$19.92,41.5 ¢/oz
"Hamburger Helper Pasta Stroganoff, 6.4 oz Box",Packaged Meals,1.84,$1.84,28.8 ¢/oz
"(6 pack) Barilla Protein+ Penne Pasta, Plant Based Pasta, 14.5oz",Pasta,15.12,$15.12,17.4 ¢/oz
"Giovanni Rana 5 Cheese Tortellini 28oz, Refrigerated",Pasta,10.94,$10.94,39.1 ¢/oz
"Great Value Alfredo-Style Pasta and Sauce, 4.4 oz (Shelf-Stable Pouch, Packaged Meal)",Packaged Side Dishes,1,$1.00,22.7 ¢/oz
"Knorr No Artificial Flavors Creamy Chicken Pasta Sides Cooks in 7 Minutes, 4.2 oz Regular Pouch",Packaged Side Dishes,1.24,$1.24,29.5 ¢/oz
"Barilla Kosher Certified, Oven-Ready Lasagne Pasta, 9 oz",Pasta,2.47,$2.47,27.4 ¢/oz
"(5 pack) Great Value Angel Hair, 16 oz, Shelf Stable",Pasta,3.7,$3.70,4.6 ¢/oz
"Jovial Gluten Free Organic Brown Rice Pasta Farfalle, 12oz",Pasta,4.68,$4.68,39.0 ¢/oz
"(6 pack) bettergoods Bronze Cut Bucatini Pasta, No. 520, 16 oz Shelf Stable",Pasta,12.84,$12.84,13.4 ¢/oz
"(2 pack) Barilla Classic Non-GMO, Kosher Certified Fettuccine Pasta, 16 oz",Pasta,3.68,$3.68,11.5 ¢/oz
"(6 pack) Great Value Egg-Free Wide Pasta Ribbons, 12 oz",Pasta,14.82,$14.82,20.6 ¢/oz
"(6 pack) Barilla Gluten Free Spaghetti Pasta, 12 oz",Pasta,15,$15.00,20.8 ¢/oz
"Giovanni Rana Family Size Mushroom Ravioli 18 oz, Refrigerated, Refer to Packaging for Allergens",Pasta,6.74,$6.74,37.4 ¢/oz
"Gia Russa Gnocchi with Potato, 16 oz",Pasta,3.54,$3.54,22.1 ¢/oz
NO YOLKS 12 oz Yolk Free Dumplings,Pasta,2.52,$2.52,21.0 ¢/oz
"Jovial 100% Organic Gluten-Free Brown Rice Penne Pasta, 12oz",Pasta,4.68,$4.68,39.0 ¢/oz
"(5 pack) Great Value Fettuccine, 16 oz",Pasta,3.4,$3.40,4.3 ¢/oz
"(4 pack) Banza Rotini Pasta from Chickpeas - Gluten Free, High Protein, and Lower Carb Protein Noodles, 8oz",Pasta,13.28,$13.28,41.5 ¢/oz
"(6 pack) Barilla Protein+ Spaghetti Pasta, Plant Based Pasta, 14.5oz",Pasta,13.62,$13.62,15.7 ¢/oz
"Marketside Spinach and Ricotta Tortellini, No Artificial Ingredients, 18 oz Tray",Pasta,6.97,$6.97,38.7 ¢/oz
"(3 pack) De Cecco Cavatappi No. 87 Pasta, 16 oz",Pasta,7.74,$7.74,16.1 ¢/oz
"Great Value Beef Flavored Pasta Skillet Dinner, 5.6 oz",Packaged Meals,1.28,$1.28,22.9 ¢/oz
"(6 pack) Great Value Spaghetti, 32 oz",Pasta,11.64,$11.64,6.1 ¢/oz
"El Mexicano Melon Seed Pasta, 7 oz Bag",Pasta,0.52,$0.52,7.4 ¢/oz
"Giovanni Rana Fettuccine Chicken Alfredo Premium Meal Kit Tray (Family Size, 39oz), Refrigerated",Pasta,11.98,$11.98,30.7 ¢/oz
"(5 pack) Barilla Gluten Free Chickpea Rotini Pasta, 8.8 oz",Pasta,14.6,$14.60,33.2 ¢/oz
"Banza Shells Pasta from Chickpeas - Gluten Free, High Protein, and Lower Carb Protein Noodles, 8oz",Pasta,3.32,$3.32,41.5 ¢/oz
"(4 pack) Great Value Elbow Pasta, 48 oz",Pasta,10.88,$10.88,5.7 ¢/oz
"Great Value Chicken Flavored Pasta & Sauce, 4.3 oz (Shelf-Stable Pouch, Packaged Meal)",Packaged Side Dishes,1,$1.00,23.3 ¢/oz
"Great Value Spaghetti Rings Pasta with Meatballs in Tomato Sauce, 15 oz",Packaged Meals,1.08,$1.08,7.2 ¢/oz
"Banza Elbows Pasta from Chickpeas - Gluten Free, High Protein, and Lower Carb Protein Noodles, 8oz",Pasta,2.98,$2.98,37.3 ¢/oz
"Rice a Roni Rice Pasta Rice Pilaf, 7.2 oz",Packaged Meals,1.38,$1.38,19.2 ¢/oz
"(4 pack) Great Value Rotini, 32 oz Shelf Stable",Pasta,7.76,$7.76,6.1 ¢/oz
"Giovanni Rana Homestyle Ravioli Italian Sausage Premium Filled Italian Pasta Bag (Family Size, 18oz), Refrigerated",Pasta,9.04,$9.04,50.2 ¢/oz
"(4 pack) Barilla Classic Non-GMO, Kosher Certified Rigatoni Pasta, 16 oz",Pasta,7.36,$7.36,11.5 ¢/oz
"(4 pack) Great Value Linguine, 16 oz",Pasta,2.96,$2.96,4.6 ¢/oz
"Marketside Spinach and Ricotta Ravioli, No Artificial Ingredients, 18 oz Tray, Shellfish-Free, Tree Nut-Free",Pasta,6.97,$6.97,38.7 ¢/oz
"Birds Eye Veggie Pasta Rotini Alfredo, Frozen Side, 10 oz. Bag",Packaged Side Dishes,3.12,$3.12,31.2 ¢/oz
"(4 pack) Great Value Manicotti, 8 oz",Pasta,7.36,$7.36,23.0 ¢/oz
"(6 pack) Barilla Classic Non-GMO, Kosher Certified Penne Pasta, 16 oz",Pasta,11.04,$11.04,11.5 ¢/oz
"(4 pack) Brami Spaghetti High Protein Pasta, Made in Italy, 21g Protein, High Fiber, Low Carb Vs. Regular Pasta Noodles, Durum Wheat Plus Lupini Beans, Bronze Cut Shelf-Stable Noodles, 14.5 oz Box",Pasta,11.92,$11.92,20.6 ¢/oz
"Suddenly Pasta Salad Classic with Red Peppers & Seasoning Twin Pack, 15.5 oz Box",Packaged Salads,3.97,$3.97,25.6 ¢/oz
"Marketside Chicken and Mozzarella Tortelloni, No Artificial Ingredients, 18 oz Tray",Pasta,6.97,$6.97,38.7 ¢/oz
"(4 pack) Barilla Gluten Free Penne Pasta, 12 oz",Pasta,10.96,$10.96,22.8 ¢/oz
"(2 pack) DeLallo Potato Gnocchi Pasta, Made in Italy, Non-GMO, 16 oz Box",Pasta,4.88,$4.88,15.3 ¢/oz
"Knorr Pasta Sides Marinara Penne Made with No Artificial Flavors, 4.4 Oz Pouch",Packaged Side Dishes,1.24,$1.24,28.2 ¢/oz
"(4 pack) Banza Cavatappi Pasta from Chickpeas - Gluten Free, High Protein, and Lower Carb Protein Noodles, 8oz",Pasta,13.28,$13.28,41.5 ¢/oz
"Knorr Chicken Fettuccine Cooks in 8 Minutes, 8.6 oz 2x Regular Shelf-Stable Pouch",Packaged Meals,1.97,$1.97,22.9 ¢/oz
"(6 pack) Great Value Elbows Pasta, 32 oz",Pasta,11.64,$11.64,6.1 ¢/oz
"(3 pack) Sfoglini Cascatelli Pasta by Sporkful, Shelf-Stable, 16 oz Box",Pasta,14.64,$14.64,30.5 ¢/oz
"(3 pack) Sfoglini Organic Trumpets Pasta, Shelf-Stable, 16 oz Box",Pasta,14.64,$14.64,30.5 ¢/oz
"(5 pack) Barilla Classic Non-GMO, Kosher Certified Thick Spaghetti Pasta, 16 oz",Pasta,9.2,$9.20,11.5 ¢/oz
"Banza Rigatoni Pasta from Chickpeas - Made In Italy, High Protein, High Fiber, and Lower Carb Italian Chickpea Noodles, 8oz",Pasta,3.32,$3.32,41.5 ¢/oz
"Golden Grain Wide Egg Noodles, 12 oz",Noodles,2.48,$2.48,20.7 ¢/oz
"Birds Eye Veggie Pasta Rotini with Marinara Sauce, Frozen Side, 10 oz. Bag",Packaged Side Dishes,3.12,$3.12,31.2 ¢/oz
"Great Value Whole Wheat Linguine, 16 oz",Pasta,1.66,$1.66,10.4 ¢/oz
"(5 pack) Great Value Whole Wheat Elbows Pasta, 16 oz",Pasta,8.3,$8.30,10.4 ¢/oz
"Banza Linguine Pasta from Chickpeas - Made In Italy, High Protein, High Fiber, and Lower Carb Italian Chickpea Noodles, 8oz",Pasta,3.32,$3.32,41.5 ¢/oz
"(4 pack) Knorr No Artificial Flavors Creamy Chicken Pasta Sides Cooks in 7 Minutes, 4.2 oz Regular Pouch",Packaged Meals,4.96,$4.96,29.5 ¢/oz
"(4 pack) Knorr Pasta Sides Cheesy Cheddar Rotini Pasta Made with No Artificial Flavors, 4.3 Oz Pouch",Pasta,4.96,$4.96,28.8 ¢/oz
"(6 pack) Goodles Mac & Cheese Cheddy Mac Noodles, Cheddar, Ziti, Shelf-Stable, 6 oz",Pasta,17.88,$17.88,49.7 ¢/oz
"(3 pack) Rao's Homemade Rigatoni Pasta, Premium Italian Pasta Made from Durum Semolina Flour, 16 Oz",Pasta,8.94,$8.94,18.6 ¢/oz
"(6 pack) Barilla Classic Non-GMO, Kosher Certified Mini Farfalle Pasta, 16 oz",Pasta,11.04,$11.04,11.5 ¢/oz
"(2 pack) DeLallo Orecchiette Pasta, Made in Italy, Non-GMO,  16 oz Bag",Pasta,4.96,$4.96,15.5 ¢/oz
"(4 pack) Great Value Penne, 32 oz Shelf Stable",Pasta,7.76,$7.76,6.1 ¢/oz
"SpaghettiOs Canned Pasta with Meatballs, 22.2 oz Can",Packaged Meals,1.38,$1.38,6.2 ¢/oz
"(6 pack) Barilla Classic Non-GMO, Kosher Certified Spaghetti Pasta, 16 oz",Pasta,11.04,$11.04,11.5 ¢/oz
"Kitchen Table Cheese Ravioli Primavera, 11 oz (Fresh)",Packaged Meals,5.92,$5.92,53.8 ¢/oz
"(3 pack) DeLallo Potato Gnocchi Pasta, Made in Italy, Non-GMO, 16 oz Box",Pasta,7.32,$7.32,15.3 ¢/oz
"(4 pack) Knorr Pasta Sides Cheddar Broccoli Fusilli Made with No Artificial Flavors, 4.3 Oz Pouch",Packaged Side Dishes,4.96,$4.96,28.8 ¢/oz
"(4 pack) Knorr Pasta Sides Teriyaki Noodles Lo Mein Noodles Made with No Artificial Flavors, 4.6 oz Pouch",Packaged Side Dishes,4.96,$4.96,27.0 ¢/oz
"(6 pack) Barilla Classic Non-GMO, Kosher Certified Angel Hair Pasta, 16 oz",Pasta,11.04,$11.04,11.5 ¢/oz
"(3 pack) DeLallo Pappardelle Egg Pasta Nests, 8.8 Ounce Bag, Made in Italy, Kosher, Non-GMO",Pasta,8.22,$8.22,31.1 ¢/oz
"SpaghettiOs Original Bluey Shapes Canned Pasta, 15.8 oz Can",Packaged Meals,1.37,$1.37,8.7 ¢/oz
"(8 pack) Knorr No Artificial Flavors Stroganoff Fettuccine Pasta Sides, 7 Minute Cook Time, 4 oz",Pasta,9.92,$9.92,31.0 ¢/oz
"(4 pack) Barilla Whole Grain Penne Pasta, 100% Whole Wheat, 16 oz. Box",Pasta,7.36,$7.36,11.5 ¢/oz
"(2 pack) El Mexicano Melon Seed Pasta, 7 oz Bag",Pasta,1.04,$1.04,7.4 ¢/oz
"(4 pack) Knorr Pasta Sides Buffalo Chicken Flavor Spiral Pasta Made with No Artificial Flavors, 4.2 Oz Pouch",Pasta,4.96,$4.96,29.5 ¢/oz
"Knorr No Artificial Flavors Creamy Alfredo Pasta Cooks in 7 Minutes, 8.8 oz 2x Regular",Packaged Meals,1.97,$1.97,22.4 ¢/oz
"RiceSelect Pearl Couscous, Toasted Israeli-Style Pasta, Non-GMO Verified, 24.5 oz Jar",Pasta,6.12,$6.12,25.0 ¢/oz
"(5 pack) Barilla Classic Whole Grain Pasta, Thin Spaghetti Noodles, 16 oz",Pasta,9.2,$9.20,11.5 ¢/oz
"(5 pack) Great Value Thin Spaghetti, 1 lb",Pasta,3.4,$3.40,4.3 ¢/oz
"(3 pack) Rao's Homemade Farfalle Pasta, Premium Italian Pasta Made from Durum Semolina Flour, 16 Oz",Pasta,8.94,$8.94,18.6 ¢/oz
"Sfoglini Organic Whole Grain Reginetti Pasta, Shelf-Stable, 12 oz Box",Pasta,4.88,$4.88,40.7 ¢/oz
"(2 pack) DeLallo Shellbow Pasta, Made in Italy, Non-GMO, 16 oz Bag",Pasta,4.96,$4.96,15.5 ¢/oz
"(5 pack) Barilla Classic Non-GMO, Kosher Certified Linguine Pasta, 16 oz",Pasta,9.2,$9.20,11.5 ¢/oz
"SpaghettiOs Super Mario Bros Canned Pasta with Meatballs, 15.6 oz Can",Packaged Meals,1.37,$1.37,8.8 ¢/oz
"(4 pack) bettergoods Bronze Cut Radiatori Pasta, No. 496, 16 oz",Pasta,8.56,$8.56,13.4 ¢/oz
"Great Value Whole Wheat Spaghetti, 16 oz Shelf Stable",Pasta,1.66,$1.66,10.4 ¢/oz
"(3 pack) Jovial Gluten Free Organic Brown Rice Pasta Farfalle, 12oz",Pasta,14.04,$14.04,39.0 ¢/oz
"(3 pack) Rao's Homemade Casarecce Pasta, Premium Italian Pasta Made from Durum Semolina Flour, 16 Oz",Pasta,8.94,$8.94,18.6 ¢/oz
"Golden Grain American Italian Pasta Spaghetti, 32 oz",Pasta,3.86,$3.86,12.1 ¢/oz
"Sfoglini Cascatelli Pasta by Sporkful, Shelf-Stable, 16 oz Box",Pasta,4.88,$4.88,30.5 ¢/oz
"(3 pack) DeLallo Orecchiette Pasta, Made in Italy, Non-GMO,  16 oz Bag",Pasta,7.44,$7.44,15.5 ¢/oz
"(8 pack) Knorr Pasta Sides Cheddar Broccoli Fusilli Made with No Artificial Flavors, 4.3 Oz Pouch",Packaged Side Dishes,9.92,$9.92,28.8 ¢/oz
"(4 pack) Knorr Pasta Sides Marinara Penne Made with No Artificial Flavors, 4.4 Oz Pouch",Pasta,4.96,$4.96,28.2 ¢/oz
"(4 pack) El Mexicano Elbow Pasta, Coditos, 7 oz Bag",Pasta,2.08,$2.08,7.4 ¢/oz
"(8 pack) Knorr No Artificial Flavors Alfredo Broccoli Fettuccine Pasta Sides, 8 Minute Cook Time, 4.5 oz",Packaged Side Dishes,9.92,$9.92,27.6 ¢/oz
"Sfoglini Organic Durum Semolina Radiators Pasta, Shelf-Stable, 16 oz Box",Pasta,4.88,$4.88,30.5 ¢/oz
"(4 pack) Barilla Kosher Certified, Oven-Ready Lasagne Pasta, 9 oz",Pasta,9.88,$9.88,27.4 ¢/oz
Goodles Dry Pasta Gluten-Free Loopdy-Loos - 8 oz,Pasta,4.17,$4.17,52.1 ¢/oz
"Marketside Chicken Alfredo Pasta, 32 oz (Fully Cooked)",Packaged Meals,12.94,$12.94,40.4 ¢/oz
"(4 pack) Knorr No Artificial Flavors Stroganoff Fettuccine Pasta Sides, 7 Minute Cook Time, 4 oz",Packaged Side Dishes,4.96,$4.96,31.0 ¢/oz
"(3 pack) Sfoglini Organic Durum Semolina Radiators Pasta, Shelf-Stable, 16 oz Box",Pasta,14.64,$14.64,30.5 ¢/oz
"(5 pack) Barilla Gluten Free Red Lentil Rotini Pasta, 8.8 oz",Pasta,14.6,$14.60,33.2 ¢/oz
"(4 pack) Knorr No Artificial Flavors Alfredo Broccoli Fettuccine Pasta Sides, 8 Minute Cook Time, 4.5 oz",Packaged Side Dishes,4.96,$4.96,27.6 ¢/oz
"Hamburger Helper Beef Pasta, 2 oz Microwave Cup, Shelf Stable (Dried)",Packaged Meals,2.46,$2.46,$1.23/oz
"Palmini Low Carb Hearts of Palm Angel Hair Pasta, 12 oz  Non-GMO, Vegan, Sugar Free, Gluten Free, Kosher, Shelf-Stable",Pasta,3.98,$3.98,33.2 ¢/oz
"(3 pack) Sfoglini Organic Whole Grain Reginetti Pasta, Shelf-Stable, 12 oz Box",Pasta,14.64,$14.64,40.7 ¢/oz
"By Chef Ramsay Chicken Marsala Pasta with Roasted Chicken and Fettuccine, 10.51 oz (Frozen)",Packaged Meals,5.94,$5.94,56.6 ¢/oz
"Knorr Pasta Sides Cheddar Broccoli Family Size, 8.3 oz Pouch",Packaged Meals,1.97,$1.97,23.7 ¢/oz
"Palmini Linguine Pasta from Hearts of Palm, 12 oz  Non-GMO, Vegan, Sugar Free, Gluten Free, Kosher  Shelf-Stable Single Pouch",Pasta,3.98,$3.98,33.2 ¢/oz
"(4 pack) Barilla Classic Non-GMO, Kosher Certified Spaghetti Pasta, 32 oz",Pasta,12.48,$12.48,9.8 ¢/oz
"(8 pack) Knorr Pasta Sides Cheesy Cheddar Rotini Pasta Made with No Artificial Flavors, 4.3 Oz Pouch",Pasta Sauces,9.92,$9.92,28.8 ¢/oz
"(4 pack) Knorr No Artificial Flavors Chicken Broccoli Fettuccine Pasta Sides, 8 Minute Cook Time, 4.2 oz",Packaged Side Dishes,4.96,$4.96,29.5 ¢/oz
"(4 pack) Knorr No Artificial Flavors Creamy Butter & Herb Pasta Sides Ready Meals, 4.4 oz Regular Pouch",Packaged Side Dishes,4.96,$4.96,28.2 ¢/oz
"(4 pack) Knorr No Artificial Flavors Parmesan Pasta Sides, 7 Minute Cook Time, 4.3 oz",Packaged Side Dishes,4.96,$4.96,28.8 ¢/oz
"(5 pack) Great Value Whole Wheat Spaghetti, 16 oz Shelf Stable",Pasta,8.3,$8.30,10.4 ¢/oz
"(2 pack) Jovial 100% Organic Gluten-Free Brown Rice Penne Pasta, 12oz",Pasta,9.36,$9.36,39.0 ¢/oz
"(4 pack) Knorr Pasta Sides Alfredo Fettuccine Made with No Artificial Flavors, 4.4 Oz Pouch",Packaged Meals,4,$4.00,22.7 ¢/oz
"(8 pack) Knorr No Artificial Flavors Parmesan Pasta Sides, 7 Minute Cook Time, 4.3 oz",Packaged Side Dishes,9.92,$9.92,28.8 ¢/oz
"(2 pack) Barilla Gluten Free Fettuccine Pasta, 12 oz",Pasta,5.48,$5.48,22.8 ¢/oz
"(5 pack) Great Value Whole Wheat Linguine, 16 oz",Pasta,8.3,$8.30,10.4 ¢/oz
"SpaghettiOs Original Toy Story Shapes Canned Pasta, 15.8 oz Can",Packaged Meals,1.37,$1.37,8.7 ¢/oz
"(4 pack) Barilla Classic Non-GMO, Kosher Certified Elbows Pasta, 32 oz",Pasta,12.48,$12.48,9.8 ¢/oz
"(8 pack) Knorr Pasta Sides Marinara Penne Made with No Artificial Flavors, 4.4 Oz Pouch",Packaged Side Dishes,9.92,$9.92,28.2 ¢/oz
"(8 pack) Knorr Pasta Sides Teriyaki Noodles Lo Mein Noodles Made with No Artificial Flavors, 4.6 oz Pouch",Packaged Side Dishes,9.92,$9.92,27.0 ¢/oz
"(4 pack) Knorr Pasta Sides Chicken Flavor Fettuccine Made with No Artificial Flavors, 4.3 Oz Pouch",Packaged Side Dishes,4,$4.00,23.3 ¢/oz
"SpaghettiOs Original Canned Pasta, 22.4 oz Can",Packaged Meals,1.97,$1.97,8.8 ¢/oz
"Rice-A-Roni Mexican Style Rice & Pasta Mix, 6.4 oz Box",Packaged Side Dishes,1.38,$1.38,21.6 ¢/oz
"(4 pack) bettergoods Bronze Cut Fusilli Bucati Pasta, No. 4103, 16 oz",Pasta,8.56,$8.56,13.4 ¢/oz
"(6 pack) Banza Spaghetti Pasta from Chickpeas - Made In Italy, High Protein, High Fiber, Lower Carb Italian Chickpea Noodles, 8oz",Pasta,19.92,$19.92,41.5 ¢/oz
"Giovanni Rana Homestyle Lasagna Meat Premium Prepared Entree Tray (Family Size, 40oz, Fresh), Refrigerated",Pasta,11.98,$11.98,30.0 ¢/oz
"Sfoglini Organic Trumpets Pasta, Shelf-Stable, 16 oz Box",Pasta,4.88,$4.88,30.5 ¢/oz
"(10 pack) El Mexicano Thin Vermicelli Pasta, Fideo Delgado, 7 oz Bag",Pasta,5.2,$5.20,7.4 ¢/oz
"(2 pack) De Cecco Spaghetti No. 12 Pasta, 1 lb.  Made from Coarse Semolina (Durum Wheat), Non-GMO, Slow Dried, Contains Wheat, May Contain Soy.",Pasta,5.56,$5.56,17.4 ¢/oz
"(6 pack) bettergoods Bronze Cut Casarecce Pasta, No. 40, 16 oz",Pasta,12.84,$12.84,13.4 ¢/oz
"(8 pack) Knorr Pasta Sides Buffalo Chicken Flavor Spiral Pasta Made with No Artificial Flavors, 4.2 Oz Pouch",Pasta,9.92,$9.92,29.5 ¢/oz
(8 pack) NO YOLKS 12 oz Yolk Free Dumplings,Pasta,20.16,$20.16,21.0 ¢/oz
"(8 pack) Knorr Pasta Sides Alfredo Fettuccine Made with No Artificial Flavors, 4.4 Oz Pouch",Packaged Meals,8,$8.00,22.7 ¢/oz
"(3 pack) De Cecco Linguine No. 7 Pasta, 16 oz  Contains Wheat, Free from Dairy, Eggs, and Nuts",Pasta,8.34,$8.34,17.4 ¢/oz
"(6 pack) Goodles Mac & Cheese Down the Hatch Noodles, Cheddar Chile Popper, Fusilli, Shelf-Stable, 5.25 oz",Pasta,17.88,$17.88,56.2 ¢/oz
"(3 pack) Palmini Low Carb Hearts of Palm Angel Hair Pasta, 12 oz  Non-GMO, Vegan, Sugar Free, Gluten Free, Kosher, Shelf-Stable",Pasta,11.94,$11.94,33.2 ¢/oz
"(3 pack) Golden Grain American Italian Pasta Spaghetti, 32 oz",Pasta,11.58,$11.58,12.1 ¢/oz
"(8 pack) Knorr No Artificial Flavors Creamy Chicken Pasta Sides Cooks in 7 Minutes, 4.2 oz Regular Pouch",Packaged Side Dishes,9.92,$9.92,29.5 ¢/oz
"(6 pack) Goodles Mac & Cheese Twist Parm Noodles, Asiago and Parmesan, Fusilli, Regular Cardboard Shelf-Stable, 5.25 oz",Noodles,17.88,$17.88,56.2 ¢/oz
"(8 pack) Great Value Alfredo-Style Pasta and Sauce, 4.4 oz (Shelf-Stable Pouch, Packaged Meal)",Pasta Sauces,8,$8.00,22.7 ¢/oz
"(4 pack) Barilla Classic Non-GMO, Filled Cheese and Spinach Tortellini Pasta, 12 oz",Pasta,20.92,$20.92,43.6 ¢/oz
"(4 pack) Jovial Gluten Free Organic Brown Rice Pasta Farfalle, 12oz",Pasta,18.72,$18.72,39.0 ¢/oz
"(6 pack) Barilla Whole Grain Spaghetti, 100% Whole Wheat, 16 oz. Box",Pasta,11.04,$11.04,11.5 ¢/oz
"(2 pack) Banza Shells Pasta from Chickpeas - Gluten Free, High Protein, and Lower Carb Protein Noodles, 8oz",Pasta,6.64,$6.64,41.5 ¢/oz
"Marketside Traditional Potato Gnocchi, Non-Allergenic, No Artificial Ingredients, 18 oz Tray",Pasta,4.47,$4.47,24.8 ¢/oz
"(20 pack) El Mexicano Alphabet Pasta, Letras, 7 oz Bag",Pasta,10.4,$10.40,7.4 ¢/oz
"(6 pack) bettergoods Bronze Cut Trompetti Pasta, No. 87, 16 oz",Pasta,12.84,$12.84,13.4 ¢/oz
"(8 pack) Hamburger Helper Deluxe Philly Cheesesteak Pasta, 4.8 oz Box",Pasta,14.72,$14.72,38.3 ¢/oz
"(3 pack) Banza Linguine Pasta from Chickpeas - Made In Italy, High Protein, High Fiber, and Lower Carb Italian Chickpea Noodles, 8oz",Pasta,9.96,$9.96,41.5 ¢/oz
"(6 pack) Barilla Classic Non-GMO, Kosher Certified Ziti Pasta, 16 oz",Pasta,11.04,$11.04,11.5 ¢/oz
"(4 pack) Jovial 100% Organic Gluten-Free Brown Rice Penne Pasta, 12oz",Pasta,18.72,$18.72,39.0 ¢/oz
"(6 pack) No Yolks Enriched Egg White Pasta Broad, 12.0 OZ",Pasta,15.12,$15.12,21.0 ¢/oz
"(6 pack) No Yolks Extra Broad Egg White Noodles, 12 ounce bag",Noodles,15.12,$15.12,21.0 ¢/oz
"(6 pack) Rao's Homemade Penne Rigate, Premium Italian Pasta Made from Durum Semolina Flour, 16 Oz",Pasta,17.88,$17.88,18.6 ¢/oz
"(3 pack) Banza Rigatoni Pasta from Chickpeas - Made In Italy, High Protein, High Fiber, and Lower Carb Italian Chickpea Noodles, 8oz",Pasta,9.96,$9.96,41.5 ¢/oz
(8 pack) Rao's Homemade Linguine 16oz,Pasta,23.84,$23.84,18.6 ¢/oz
"(12 pack) Goodles Mac & Cheese Down the Hatch Noodles, Cheddar Chile Popper, Fusilli, Shelf-Stable, 5.25 oz",Noodles,35.76,$35.76,56.2 ¢/oz
"(12 pack) Goodles Mac & Cheese Smokey Dokey Noodles, Gouda Smoke, Shells, Shelf-Stable, 6 oz",Noodles,35.76,$35.76,49.7 ¢/oz
"bettergoods Israeli Style Pearled Couscous, 12 oz",Pasta,2.54,$2.54,21.2 ¢/oz
"(6 pack) Rao's Homemade Fusili, Premium Italian Pasta Made from Durum Semolina Flour, 16 Oz",Flours,17.88,$17.88,18.6 ¢/oz
"(3 pack) San Gennaro Traditional Italian Polenta, 18 oz",Pasta,10.56,$10.56,19.6 ¢/oz
"RiceSelect Original Couscous, Moroccan-Style Couscous, 26.5 oz Jar",Pasta,8.53,$8.53,32.2 ¢/oz
"Success Boil-in-Bag Pearl Couscous, Non-GMO, Kosher, 12 oz, 4 Pearl Couscous Bags",Pasta,2.48,$2.48,20.7 ¢/oz
"Bimbo Conchas Vanilla Pastry, 8 packs, Pastries, 16.96 oz Box",Cakes,4.98,$4.98,29.3 ¢/oz
"Pop-Tarts Protein Slammin' Strawberry Toaster Pastries, 10g Protein, Shelf-Stable, 14.3 oz (8 Count)",Toaster Pastries,3.48,$3.48,24.3 ¢/oz
"Pop-Tarts Frosted Brown Sugar Cinnamon Toaster Pastries, Breakfast Foods, Shelf-Stable, 13.5 oz (8 Count)",Toaster Pastries,2.62,$2.62,19.4 ¢/oz
"Pop-Tarts Frosted Strawberry Milkshake Toaster Pastries, Breakfast Foods, Shelf-Stable, 27 oz (16 Count)",Toaster Pastries,4.97,$4.97,18.4 ¢/oz
"Pillsbury Frozen Toaster Strudel Pastries, Strawberry, 12 Ct, 23.4 oz",Toaster Pastries,5.22,$5.22,22.3 ¢/oz
"Freshness Guaranteed Regular Persian Cinnamon Donuts, 4 oz, 2 Count",Pastries,2.16,$2.16,54.0 ¢/oz
"Great Value Powdered Sugar Mini Donuts, 10 oz",Pastries,1.97,$1.97,19.7 ¢/oz
"Little Debbie Strawberry Shortcake Rolls, 13 oz (6 count)",Pastries,3.18,$3.18,24.5 ¢/oz
"Freshness Guaranteed Cranberry Orange Scones, 10 oz, 14 Count",Pastries,4.17,$4.17,41.7 ¢/oz
"Great Value Frosted Cherry Toaster Pastries, 20.3 oz, 12 Count",Toaster Pastries,2.18,$2.18,10.7 ¢/oz
"Pop-Tarts Frosted S'mores Toaster Pastries, Breakfast Foods, Shelf-Stable, 27 oz (16 Count)",Toaster Pastries,4.97,$4.97,18.4 ¢/oz
"Hostess Donettes, Frosted Mini Donuts, 10.75 oz Bag",Pastries,2.48,$2.48,23.0 ¢/oz
"Marketside Cream Cheese Danish with Glaze, 2 Count Pastries, 7 oz (Shelf Stable)",Pastries,2.98,$2.98,42.6 ¢/oz
"Marketside Raspberry Kringle, 20 oz",Pastries,9.98,$9.98,49.9 ¢/oz
"Pillsbury Frozen Toaster Strudel Pastries, Blueberry, 6 Ct, 11.7 oz",Toaster Pastries,3.12,$3.12,26.7 ¢/oz
"Freshness Guaranteed Assorted Plain, Powdered Sugar, and Cinnamon Sugar Donut Holes, 14 oz, 28 Count",Pastries,3.34,$3.34,23.9 ¢/oz
"Marketside Strawberry and Creme Muffins, 14 oz, 9 Count",Pastries,5.16,$5.16,36.9 ¢/oz
"Marketside Blueberry Muffins, 14 oz, 4 Count",Pastries,3.98,$3.98,28.4 ¢/oz
"Marketside Fresh Cinnamon Rolls, 6 Count per Tray, 22.9 oz - Baked & Ready to Eat",Pastries,6.47,$6.47,28.3 ¢/oz
"Pop-Tarts Variety Pack Toaster Pastries, Breakfast Foods, Shelf-Stable, 3.8 lb (36 Count)",Toaster Pastries,9.87,$9.87,16.2 ¢/oz
"Pop-Tarts Frosted Cherry Toaster Pastries, Breakfast Foods, Shelf-Stable, 27 oz (16 Count)",Toaster Pastries,4.97,$4.97,18.4 ¢/oz
"Marketside All Butter Whole Croissants, 9.17 oz, 4 Count",Pastries,4.98,$4.98,54.1 ¢/oz
"Freshness Guaranteed Mini Croissants, 10 oz, 12 Count",Pastries,3.98,$3.98,39.8 ¢/oz
"Marketside Pecan Sticky Bun, 18 oz Clamshell, 4 Rolls",Pastries,5.76,$5.76,32.0 ¢/oz
"Freshness Guaranteed Variety Sliced Cake, 19 oz, 12 Count",Pastries,6.94,$6.94,36.5 ¢/oz
"Marketside Cinnamon Roll Clusters, 10 Servings, 19 oz (Shelf Stable)",Pastries,5.94,$5.94,31.3 ¢/oz
"Pepperidge Farm Apple Turnovers, 4-Count 12.5 oz Box",Pastries,3.48,$3.48,27.8 ¢/oz
"Freshness Guaranteed Glazed Donuts, 12 oz, 6 Count",Pastries,4.24,$4.24,35.3 ¢/oz
"Pillsbury Frozen Toaster Strudel Pastries, Cinnamon Roll, 12 Ct, 23.4 oz",Toaster Pastries,5.22,$5.22,22.3 ¢/oz
"Pop-Tarts Protein Bumpin' Blueberry Toaster Pastries, 10g Protein, Shelf-Stable, 14.3 oz (8 Count)",Toaster Pastries,3.48,$3.48,24.3 ¢/oz
"Pop-Tarts Frosted Wild Berry Toaster Pastries, Breakfast Foods, Shelf-Stable, 27 oz (16 Count)",Toaster Pastries,4.97,$4.97,18.4 ¢/oz
"Great Value Donut Variety, Frosted Chocolate & Powdered Sugar, 18.75 oz, 10 Count",Pastries,4.88,$4.88,26.0 ¢/oz
"Raspberry Flavored Powdered Paczki Donut, 4 Count, 14.81 oz",Pastries,3.96,$3.96,26.7 ¢/oz
"Freshness Guaranteed Vanilla and Chocolate Iced Mini Donuts, 8 oz, 12 Count",Pastries,4.26,$4.26,53.3 ¢/oz
"Freshness Guaranteed Cinnamon Rolls, 16 oz, 15 Count",Pastries,3.98,$3.98,24.9 ¢/oz
"Great Value Frosted Mini Donuts, 10 oz",Pastries,1.97,$1.97,19.7 ¢/oz
"Freshness Guaranteed Glazed Sour Cream Donuts, 20 oz, 8 Count",Pastries,4.44,$4.44,22.2 ¢/oz
"Great Value Frosted Chocolate Fudge Toasted Pastries, 12 Count",Toaster Pastries,2.18,$2.18,10.7 ¢/oz
"Great Value Creme Filled Chocolate Cupcakes, 16 oz, 8 Count",Cupcakes,3.13,$3.13,19.6 ¢/oz
"Pillsbury Cinnamon Rolls with Original Icing, Canned Pastry Dough, Value 2-Pack, 16 Rolls",Doughs,5.22,$5.22,21.0 ¢/oz
"Great Value Frosted Strawberry Toaster Pastries, 10.1 oz, 6 Count",Toaster Pastries,1.12,$1.12,11.1 ¢/oz
"Great Value Frosted Brown Sugar Cinnamon Toaster Pastries, 10.1 oz, 6 Count",Toaster Pastries,1.12,$1.12,11.1 ¢/oz
"Marketside Cinnamon Rolls, 16 oz, 4 Count",Pastries,6.37,$6.37,39.8 ¢/oz
"Pillsbury Toaster Strudel Strawberry Sprinkle Frozen Pastries with Icing, 6 Ct, 12.7 oz",Toaster Pastries,3.12,$3.12,24.6 ¢/oz
"Freshness Guaranteed Strawberry Shortcake Mini Cupcakes with Strawberry and Vanilla Icing, 10 oz, 12 Count",Cupcakes,3.98,$3.98,39.8 ¢/oz
"Hostess Donettes, Powdered Mini Donuts, 10 oz Bag",Pastries,2.48,$2.48,24.8 ¢/oz
"Entenmann's Variety Pack Donuts, 8 count, Assorted Donuts, 15 oz Box",Pastries,4.97,$4.97,33.1 ¢/oz
"Freshness Guaranteed Baker's Dozen Sugar Topped Donuts, 27 oz, 13 Count",Pastries,6.97,$6.97,25.8 ¢/oz
"7Days Soft Croissant, Chocolate Croissant (4 Pack), On The Go Breakfast Pastry, Individually Wrapped (2.12oz, Pack of 4)",Pastries,2.98,$2.98,35.1 ¢/oz
"Pillsbury Bacon and Sausage Toaster Scrambles, Frozen Breakfast Pastries, 8 Ct, 14.4 oz",Toaster Pastries,5.23,$5.23,36.3 ¢/oz
"Marketside All Butter Whole Baked Croissants, 9.5 oz, 6 Count",Pastries,4.98,$4.98,52.4 ¢/oz
"Freshness Guaranteed Chocolate Donut Holes with Sprinkles, 28 Count, 14 oz, Ready to Eat",Pastries,3.34,$3.34,23.9 ¢/oz
"Boston Cream Flavored Powdered Paczki Donut, 4 Count, 14.81 oz",Pastries,3.96,$3.96,26.7 ¢/oz
"Little Debbie Glazed Donut Sticks, 10.21 oz (6 count)",Pastries,3.18,$3.18,31.2 ¢/oz
"Marketside Chocolate Croissant, Individually Wrapped, 1 Count, 2.5 oz",Pastries,1.74,$1.74,70.4 ¢/oz
"Bimbo Conchas Vanilla Fine Pastry, 2 count, Pastries, 4.23 oz Bag",Pastries,1.72,$1.72,41.0 ¢/oz
"Freshness Guaranteed Whole Assorted Iced Ring Donuts, 12 oz, 6 Count",Pastries,4.24,$4.24,35.3 ¢/oz
"Freshness Guaranteed Regular Iced Fluff Filled Bar Donuts, 5 oz, 2 Count",Pastries,1.97,$1.97,39.4 ¢/oz
"Hostess Coffee Cakes, Cinnamon Streusel Snack Cakes, 11.6 oz Box (8 Ct.)",Pastries,3.66,$3.66,31.6 ¢/oz
"Entenmann's Soft'ees Variety Pack Donuts, 12 count, Plain Donuts, 18.5 oz Variety Pack",Pastries,5.38,$5.38,29.1 ¢/oz
"Marketside Lemon Meringue Muffins, 14 oz, 12 Count",Pastries,5.16,$5.16,36.9 ¢/oz
"Pop-Tarts Frosted Strawberry Toaster Pastries, Breakfast Foods, Shelf-Stable, 27 oz (16 Count)",Toaster Pastries,4.97,$4.97,18.4 ¢/oz
"Freshness Guaranteed Blueberry Donut Holes, 14 oz Clamshell, 28 Count",Pastries,3.34,$3.34,23.9 ¢/oz
"Freshness Guaranteed Hot and Ready-to-Eat Caramel Apple Empanada, 1 Count",Pastries,1.48,$1.48,
"Freshness Guaranteed Blueberry Mini Muffins, 12 oz, 12 Count",Pastries,4.74,$4.74,39.5 ¢/oz
"Marketside Iced Double Chocolate Sliced Loaf Cake, 14.1 oz, 8 Count",Pastries,4.98,$4.98,35.3 ¢/oz
"La Banderita Authentic Mexican Pastries Frosted Baked White Mexican Sweet Bread, 16 oz, 4 Count",Pastries,4.97,$4.97,41.4 ¢/oz
"7Days Soft Croissant, Strawberry Vanilla (4 Pack), On The Go Breakfast, Individually Wrapped (2.12oz, Pack of 4)",Pastries,2.98,$2.98,35.1 ¢/oz
"Pillsbury Cinnamon Rolls with Original Icing, Canned Pastry Dough, 5 Rolls, 7.3 oz",Pastries,2.24,$2.24,30.7 ¢/oz
"Variety Conchas, 16 oz, 4 Count",Pastries,4.97,$4.97,31.1 ¢/oz
"Pop-Tarts Chocolate Chip Drizzle Toaster Pastries, Breakfast Foods, Shelf-Stable, 27 oz (16 Count)",Toaster Pastries,4.98,$4.98,18.4 ¢/oz
"Marketside Lemon Bars, 16 oz (4 Count)",Pastries,5.97,$5.97,37.3 ¢/oz
"Hostess Donettes, Hot Cocoa & Marshmallow Artificially Flavored Mini Donuts, 10 oz Bag",Pastries,2.48,$2.48,24.8 ¢/oz
"Pop-Tarts Frosted Brown Sugar Cinnamon Toaster Pastries, Breakfast Foods, Shelf-Stable, 27 oz (16 Count)",Toaster Pastries,4.97,$4.97,18.4 ¢/oz
"Marketside Lemon Streusel Muffins, 14 oz, 4 Count",Pastries,4.98,$4.98,35.6 ¢/oz
"Freshness Guaranteed Glazed Sour Cream Donut Holes, 14 oz , 28 Count, Shelf-Stable, Glaze Topping",Pastries,3.34,$3.34,23.9 ¢/oz
"Marketside Baked Cinnamon Rolls, 16 oz , 4 Count",Pastries,6.47,$6.47,40.4 ¢/oz
"Freshness Guaranteed Old Fashioned Glazed Donut Holes, 14 oz, 28 Count Clamshell",Pastries,3.34,$3.34,23.9 ¢/oz
"Pillsbury Bacon Toaster Scrambles, Frozen Breakfast Pastries, 8 Ct, 14.4 oz",Toaster Pastries,5.23,$5.23,36.3 ¢/oz
"Great Value Powdered Sugar Mini Donuts, 17.5 oz, 40 Count",Pastries,4.88,$4.88,27.9 ¢/oz
"Great Value Chocolate Chip Snack Muffins, 12 oz, 12 Count",Pastries,4.17,$4.17,34.8 ¢/oz
"Marketside Triple Chocolate Muffins, 14 oz, 4 Count",Pastries,4.98,$4.98,35.6 ¢/oz
"Marketside Blueberry & Banana Nut Muffin Variety pack, 14 oz, 4 Count",Pastries,3.98,$3.98,28.4 ¢/oz
"Freshness Guaranteed, Vanilla, Dessert Shells, 5 oz, 6 Count",Cakes,2.18,$2.18,43.6 ¢/oz
"Freshness Guaranteed Special Order Fancy Cupcakes, 12 Count",Cupcakes,12.78,$12.78,79.9 ¢/oz
"Pop-Tarts Frosted Strawberry Toaster Pastries, Breakfast Foods, Shelf-Stable, 3.8 lb (36 Count)",Toaster Pastries,9.87,$9.87,16.2 ¢/oz
"My Nana's ""Bakery Fresh"" Bunuelos",Pastries,6.48,$6.48,68.2 ¢/oz
"Marketside Banana Nut Muffins, 14 oz, 4 Count",Pastries,3.98,$3.98,28.4 ¢/oz
"Entenmann's Glazed Buttermilk Donuts, 8 Count, Glazed Donuts, 16 oz Box",Pastries,4.97,$4.97,31.1 ¢/oz
"Bimbo Roles de Canela con Pasas Raisin Cinnamon Rolls, 2 count, Pastries, 4.23 oz Bag",Pastries,1.72,$1.72,41.0 ¢/oz
"La Banderita Authentic Mexican Pastries Baked Pineapple Empanadas 10.8 oz, 4 Count",Pastries,4.97,$4.97,27.6 ¢/oz
"Pop-Tarts Frosted Strawberry Toaster Pastries, Breakfast Foods, Shelf-Stable, 13.5 oz (8 Count)",Toaster Pastries,2.62,$2.62,19.4 ¢/oz
"Freshness Guaranteed Regular Maple Iced Ring Donuts, 4 oz, 2 Count",Pastries,1.97,$1.97,49.3 ¢/oz
"Freshness Guaranteed Regular Glazed Sour Cream Cake Donuts, 4 oz, 2 Count",Pastries,1.97,$1.97,49.3 ¢/oz
"Pop-Tarts Frosted Apple Turnover Toaster Pastries, Breakfast Foods, Shelf-Stable, 13.5 oz (8 Count)",Toaster Pastries,2.62,$2.62,19.4 ¢/oz
"Two-bite OREO Cake Donuts, 6.8 oz, 12 Count, Shelf Stable, Ambient, Moist, Baked, Prepared Dessert",Pastries,3.97,$3.97,58.4 ¢/oz
"Freshness Guaranteed Chocolate Frosted Mini Donuts, Bakery Clamshell,14 oz",Pastries,3.47,$3.47,24.8 ¢/oz
"Two-bite Oreo Muffins, 13 oz, 9 Count, Baked (Shelf Stable)",Pastries,5.16,$5.16,39.7 ¢/oz
"Marketside Chocolate Chip Muffins, 14 oz, 4 Count",Pastries,3.98,$3.98,28.4 ¢/oz
"Freshness Guaranteed Vanilla Mini Cupcakes, 10 oz, 12 Count",Cupcakes,3.98,$3.98,39.8 ¢/oz
"Marketside Apple Cinnamon Regular Muffins, 14 oz, 4 Count",Pastries,4.98,$4.98,35.6 ¢/oz
"Pop-Tarts Frosted Cinnamon Roll Toaster Pastries, Breakfast Foods, Shelf-Stable, 13.5 oz (8 Count)",Toaster Pastries,2.62,$2.62,19.4 ¢/oz
"Marketside Lemon Poppy Seed Regular Baked Muffins, 14 oz, 4 Count",Pastries,4.98,$4.98,35.6 ¢/oz
"Freshness Guaranteed Confetti Mini Cupcakes, 10 oz, 12 Count",Cupcakes,3.98,$3.98,39.8 ¢/oz
"La Banderita Piggy Molasses Baked Marranitos, 10.8 oz",Pastries,3.76,$3.76,47.0 ¢/oz
"Freshness Guaranteed Strawberry Iced Mini Donuts, 8 oz, 12 Count",Pastries,4.26,$4.26,53.3 ¢/oz
"Freshness Guaranteed Bavarian Creme and Chocolate Dual Regular Filled Donuts, 6 oz, 2 Count",Pastries,1.97,$1.97,32.8 ¢/oz
"Freshness Guaranteed Glazed Donuts, 27 oz, 12 Count",Pastries,6.97,$6.97,25.8 ¢/oz
"Freshness Guaranteed Powdered Sugar Mini Donuts, 14oz Clamshell, Shelf Stable",Pastries,3.47,$3.47,24.8 ¢/oz
"(3 pack) Bon Appetit Strawberry Cheese Cake Donuts, 3.5 oz, 6 Count",Pastries,6.66,$6.66,63.4 ¢/oz
"Pop-Tarts Frosted S'mores Toaster Pastries, Breakfast Foods, Shelf-Stable, 13.5 oz (8 Count)",Toaster Pastries,2.62,$2.62,19.4 ¢/oz
"Marketside Red Velvet Regular Muffin, 14 oz, 4 Count",Pastries,4.98,$4.98,35.6 ¢/oz
"Freshness Guaranteed Chocolate Mini Cupcakes, 10 oz, 12 Count",Cupcakes,4.17,$4.17,41.7 ¢/oz
"La Boulangere Chocolate Croissants, Regular, Shelf Stable/Ambient, Bag, Non GMO, 9.52 oz., 6 Count",Pastries,5,$5.00,52.6 ¢/oz
"Freshness Guaranteed Game Day Mini Cupcakes 12 Count, 10oz (Baked, Shelf Stable)",Cupcakes,3.97,$3.97,39.7 ¢/oz
"Freshness Guaranteed Regular Vanilla Glazed Ring Donuts, 2 Count, 4 oz",Pastries,1.97,$1.97,49.3 ¢/oz
"Pillsbury Cinnamon Rolls with Cream Cheese Icing, Canned Pastry Dough, 8 count., 12.4 oz",Doughs,3.12,$3.12,25.2 ¢/oz
"Marketside Cranberry Orange Streusel Muffins, 14 oz, 4 Count",Pastries,4.98,$4.98,35.6 ¢/oz
"Marketside Baked Blueberry Muffins, 9 Count, 14 oz (Shelf Stable)",Pastries,5.16,$5.16,36.9 ¢/oz
"Freshness Guaranteed Whole Chocolate Iced Donuts with Sprinkles, 19 oz, 6 Count",Pastries,4.24,$4.24,22.3 ¢/oz
"Freshness Guaranteed Chocolate Iced and Glazed Donuts, 26 oz, 12 Count",Pastries,6.97,$6.97,87.1 ¢/oz
"La Banderita Authentic Mexican Pastries Chocolate Baked Conchas 8 oz, 2 Count",Pastries,3.76,$3.76,47.0 ¢/oz
"Marketside Lemon Blueberry Baked Muffin, 14 oz, 4 Count",Pastries,4.98,$4.98,35.6 ¢/oz
"Little Debbie Valentine Buttery Vanilla Mini Muffins, 8.44 oz, 5 Count",Pastries,3.14,$3.14,37.2 ¢/oz
"La Banderita Authentic Mexican Pastries Baked Pumpkin Empanadas 12.4 oz, 4 Count",Pastries,4.97,$4.97,27.6 ¢/oz
"Freshness Guaranteed Whole Donuts with Chocolate Icing, 14 oz, 6 Count",Pastries,4.24,$4.24,30.3 ¢/oz
"Wonder Crème Filled Confetti Cakes, Birthday Cake Inspired Snack Cakes, 10.5 oz, 6 Count",Pastries,3.48,$3.48,33.1 ¢/oz
"Freshness Guaranteed Mini Frosted Donuts, 4.23 oz Bag",Pastries,1.48,$1.48,35.0 ¢/oz
"Pop-Tarts Frosted Thin Mints Toaster Pastries, Breakfast Foods, Shelf-Stable, 27 oz (16 Count)",Toaster Pastries,4.97,$4.97,18.4 ¢/oz
"Freshness Guaranteed Special Order Basic Cupcakes, 24 Count",Cupcakes,13.28,$13.28,55.3 ¢/count
"7Days Mini Croissants, Chocolate, Breakfast On the Go, Non-GMO (Pack of 4)",Pastries,2.98,$2.98,32.4 ¢/oz
"La Banderita Baked Yellow Concha, 8 oz, 4 Count",Pastries,3.76,$3.76,47.0 ¢/oz
"Freshness Guaranteed Birthday Cake Iced Mini Donuts, 8 oz, 12 Count",Pastries,4.26,$4.26,53.3 ¢/oz
"Two-Bite Chips Ahoy Muffins, 13 oz, 9 Count Clamshell, Shelf-Stable, Baked, Mini, Chewy, Soft",Pastries,5.16,$5.16,39.7 ¢/oz
"Freshness Guaranteed Powdered Cinnamon Sugar Mini Donuts, 14 oz",Pastries,3.47,$3.47,24.8 ¢/oz
"La Banderita Pan de Polvo, Baked Cinnamon Sugar Cookies 9.6 oz, 24 Count",Pastries,3.76,$3.76,15.7 ¢/oz
"Entenmann's Pop'ettes Frosted Donuts, 10.5 oz, Chocolate Mini Donuts, Bag",Pastries,3.12,$3.12,29.7 ¢/oz
"Freshness Guaranteed Regular Chocolate Iced Ring Donuts, 4 oz, 2 Count",Pastries,1.97,$1.97,49.3 ¢/oz
"Rhodes Bake N Serv AnyTime! Cinnamon Swirl Rolls 6 Ct, 19 oz Box with Baking Tray",Pastries,5.12,$5.12,26.9 ¢/oz
"Freshness Guaranteed Donuts with Chocolate Icing, 12 Count",Pastries,6.97,$6.97,24.9 ¢/oz
"Freshness Guaranteed Game Day Classic Cupcakes 12 Count, 22oz (Baked, Shelf Stable)",Cupcakes,8.64,$8.64,39.3 ¢/oz
"Pop-Tarts Frosted Coconut Caramel Toaster Pastries, Breakfast Foods, Shelf-Stable, 27 oz (16 Count)",Toaster Pastries,4.97,$4.97,18.4 ¢/oz
"(3 pack) Wonder Cinnamon Twist, Cinnamon and Pecan Baked Pastry Rolls, 6 oz, 6 Count",Pastries,7.44,$7.44,41.3 ¢/oz
"Pop-Tarts Frosted Confetti Cupcake Toaster Pastries, Breakfast Foods, Shelf-Stable, 27 oz (16 Count)",Toaster Pastries,4.97,$4.97,18.4 ¢/oz
"Marketside All Butter Regular Baked Croissant, Individually Wrapped, 2.3 oz, 1 Count",Pastries,1.74,$1.74,75.7 ¢/oz
Little Debbie Family Pack Valentine Mini Donuts (Bagged),Pastries,3.16,$3.16,35.5 ¢/oz
"Pop-Tarts Frosted Blueberry Toaster Pastries, Breakfast Foods, Shelf-Stable, 27 oz (16 Count)",Toaster Pastries,4.97,$4.97,18.4 ¢/oz
"Marketside Triple Chocolate Baked Muffins, 14 oz, 9 Count",Pastries,5.16,$5.16,36.9 ¢/oz
"Katz Gluten Free Strawberry Toaster Pastries, Breakfast Foods, Shelf-Stable, Gluten Free, Nut Free, Kosher (1 Pack, 8.0 Ounce Each)",Pastries,5.18,$5.18,64.8 ¢/oz
"Hostess Donettes, Crunch Mini Donuts, 4 oz Sleeve (6 Mini Donuts)",Pastries,1.68,$1.68,42.0 ¢/oz
"Freshness Guaranteed Vanilla & Chocolate Mini Cupcakes, 10 oz, 12 Count",Cupcakes,3.98,$3.98,39.8 ¢/oz
"Pop-Tarts Frosted Blueberry Toaster Pastries, Breakfast Foods, Shelf-Stable, 13.5 oz (8 Count)",Toaster Pastries,2.62,$2.62,19.4 ¢/oz
"Pop-Tarts Protein Boostin' Brown Sugar Cinnamon Toaster Pastries, 10g Protein, Shelf-Stable, 14.3 oz (8 Count)",Toaster Pastries,3.48,$3.48,24.3 ¢/oz
"Great Value Cinnamon Roll Dough with Icing, 12.4 oz,8 Count, Shellfish Free",Doughs,2.34,$2.34,18.9 ¢/oz
"Pop-Tarts Frosted Cinnamon Roll Toaster Pastries, Breakfast Foods, Shelf-Stable, 27 oz (16 Count)",Toaster Pastries,4.97,$4.97,18.4 ¢/oz
"Hostess Donettes, Honey Bun Artificially Flavored Mini Donuts, 10.5 oz Bag",Pastries,2.48,$2.48,23.6 ¢/oz
"Marketside Chocolate Chip Baked Muffins, 9 Count, 14 oz (Shelf Stable)",Pastries,5.16,$5.16,36.9 ¢/oz
"Freshness Guaranteed Mini Blueberry Muffins, 2.6 oz, 3 Count",Pastries,1.74,$1.74,66.9 ¢/oz
"Marketside Banana Chocolate Chunk Muffins, 14 oz, 4 Count",Pastries,4.98,$4.98,35.6 ¢/oz
"Pop-Tarts Frosted Cookies and Crme Toaster Pastries, Breakfast Foods, Shelf-Stable, 13.5 oz (8 Count)",Toaster Pastries,2.62,$2.62,19.4 ¢/oz
"Pop-Tarts Frosted Chocolate Chip Cookie Dough Toaster Pastries, Breakfast Foods, Shelf-Stable, 13.5 oz (8 Count)",Toaster Pastries,2.62,$2.62,19.4 ¢/oz
"Marketside No Sugar Added Blueberry Streusel Baked Muffins, 14 oz, 4 Count",Pastries,4.98,$4.98,35.6 ¢/oz
"Freshness Guaranteed Regular Vanilla Iced Donuts, 4 oz, 2 Count",Pastries,1.97,$1.97,49.3 ¢/oz
"Pop-Tarts Frosted Lemon Blueberry Crumble Toaster Pastries, Breakfast Foods, Shelf-Stable, 27 oz (16 Count)",Toaster Pastries,4.97,$4.97,18.4 ¢/oz
"Pop-Tarts Variety Pack Toaster Pastries, Breakfast Foods, Shelf-Stable, 60.9 oz (36 Count)",Toaster Pastries,9.87,$9.87,16.2 ¢/oz
"Pillsbury Grands! Cinnamon Rolls, with Cinnabon Cinnamon and Original Icing, 5 Count, 17.5 oz",Pastries,3.78,$3.78,21.6 ¢/oz
"Azteca Bakery No Toppings Baked Mantecada Muffin, 12 oz, 6 Count",Pastries,3.76,$3.76,31.3 ¢/oz
"Pop-Tarts Frosted Chocolate Fudge Toaster Pastries, Breakfast Foods, Shelf-Stable, 27 oz (16 Count)",Toaster Pastries,4.97,$4.97,18.4 ¢/oz
"Little Debbie Chocolate Chip Mini Muffins, 8.44 oz (5 Count)",English Muffins,2.98,$2.98,35.5 ¢/oz
"Pop-Tarts Frosted Raspberry Toaster Pastries, Breakfast Foods, Shelf-Stable, 27 oz (16 Count)",Toaster Pastries,4.97,$4.97,18.4 ¢/oz
"Pop-Tarts Frosted Hot Fudge Sundae Toaster Pastries, Breakfast Foods, Shelf-Stable, 27 oz (16 Count)",Toaster Pastries,4.97,$4.97,18.4 ¢/oz
"Freshness Guaranteed Regular Sugar Topped Donuts, 4 oz, 2 Count",Pastries,1.97,$1.97,49.3 ¢/oz
"Pop-Tarts Frosted Cookies and Creme Toaster Pastries, Breakfast Foods, Shelf-Stable, 27 oz (16 Count)",Toaster Pastries,4.97,$4.97,18.4 ¢/oz
"Katz Gluten Free Strawberry Toaster Pastries, Breakfast Foods, Shelf-Stable, Gluten Free, Nut Free, Kosher (1 Pack, 8.0 Ounce Each)",Toaster Pastries,5.18,$5.18,64.8 ¢/oz
"Pop-Tarts Frosted Brown Sugar Cinnamon Toaster Pastries, Breakfast Foods, Shelf-Stable, 60.9 oz (36 Count)",Toaster Pastries,9.87,$9.87,16.2 ¢/oz
"Bimbo Donas Sugared Donuts, 6 twin packs, Sugar Donuts, 11.1 oz Multipack",Pastries,3.67,$3.67,33.1 ¢/oz
"7Days Soft Croissant, Chocolate, On The Go Breakfast, Individually Wrapped, 2.65 Ounce",Pastries,1.48,$1.48,54.8 ¢/oz
"Little Bites Chocolate Chip Muffins, 10 packs, Real Chocolate Mini Muffins, 16.5 oz Multipack",Cupcakes,6.98,$6.98,42.3 ¢/oz
"Little Bites Blueberry Muffins, 10 packs, Real Blueberries Mini Muffins, 16.5 oz Multipack",Pastries,6.98,$6.98,42.3 ¢/oz
"Hostess Donettes, Honey Bun Artificially Flavored Mini Donuts, 3 oz Sleeve (6 Mini Donuts)",Pastries,1.68,$1.68,56.0 ¢/oz
"Freshness Guaranteed Vanilla Cupcakes with Sky Blue Icing and Sprinkles, 26.2 oz, 12 Count",Cupcakes,7.97,$7.97,30.4 ¢/oz
"Pop-Tarts Unfrosted Strawberry Toaster Pastries, Breakfast Foods, Shelf-Stable, 27 oz (16 Count)",Toaster Pastries,4.97,$4.97,18.4 ¢/oz
"Pop-Tarts Frosted Chocolate Fudge Toaster Pastries, Breakfast Foods, Shelf-Stable, 13.5 oz (8 Count)",Toaster Pastries,2.62,$2.62,19.4 ¢/oz
"(3 pack) Pop-Tarts Frosted S'mores Toaster Pastries, Breakfast Foods, Shelf-Stable, 27 oz (16 Count)",Toaster Pastries,14.91,$14.91,18.4 ¢/oz
"Hostess Donettes, Frosted Mini Donuts, 3 oz Sleeve (6 Mini Donuts)",Pastries,1.68,$1.68,56.0 ¢/oz
"Antonina's Gluten-Free Bakery Blueberry Kosher Muffins, 4 Pack, Blueberry Muffins 10.5 oz Pack",Pastries,6.88,$6.88,65.5 ¢/oz
"two-bite Mini Drizzled Cinnamon Rolls 12 count, 14.6 ounces",Pastries,5.22,$5.22,35.8 ¢/oz
"Bon Appetit Shelf-Stable Apple Danish, 5 oz",Pastries,2.67,$2.67,53.4 ¢/oz
"Pop-Tarts Unfrosted Blueberry Toaster Pastries, Breakfast Foods, Shelf-Stable, 27 oz (16 Count)",Toaster Pastries,4.97,$4.97,18.4 ¢/oz
"Entenmann's Rich Frosted Donut Juniors, 12 count, Chocolate Donuts, 14 oz Box",Pastries,4.97,$4.97,35.5 ¢/oz
"Antonina's Gluten-Free Bakery Kosher Chocolate Chip Frozen Muffins, 10.5 oz Pack, 4 Pack",Pastries,6.88,$6.88,65.5 ¢/oz
"Freshness Guaranteed Chocolate and Vanilla Cupcakes with Pink and White Icing and Sprinkles, 26.2 oz, 12 Count",Cupcakes,7.97,$7.97,30.4 ¢/oz
"Great Value Blueberry Snack Muffins, 12 oz, 12 Count",English Muffins,4.17,$4.17,34.8 ¢/oz
"(2 pack) Bon Appetit Shelf-Stable Bear Claw Danish, 5 oz",Pastries,5.28,$5.28,52.8 ¢/oz
"Athens Foods Fillo Dough, 16 oz  Frozen, Versatile and Authentic Mediterranean Pastry Dough, Dairy-Free",Doughs,4.48,$4.48,28.0 ¢/oz
"(3 pack) Katz Gluten Free Strawberry Toaster Pastries, Breakfast Foods, Shelf-Stable, Gluten Free, Nut Free, Kosher (1 Pack, 8.0 Ounce Each)",Toaster Pastries,15.54,$15.54,64.8 ¢/oz
"(3 pack) Katz Gluten Free Toaster Pastries Cinnamon Toaster Pastries, Breakfast Foods, Shelf Stable, Gluten-Free, Nut-Free, Kosher (1 Pack, 8.0 Ounce Each)",Toaster Pastries,15.54,$15.54,64.8 ¢/oz
"Bimbo Cuernitos Plain Croissants, 2 count, Croissants, 3.53 oz Bag",Pastries,1.72,$1.72,49.1 ¢/oz
Krispy Kreme 6-Count Original Glazed Doughnuts,Pastries,11.48,$11.48,$1.16/oz
Antonina's Gluten Free Bakery Frozen Kosher Triple Chocolate Muffin 10.5oz 4 Pack,Pastries,6.88,$6.88,65.5 ¢/oz
"Freshness Guaranteed Pumpkin Spice Mini Cupcakes, 10 oz, 12 Count",Cupcakes,3.98,$3.98,39.8 ¢/oz
"(6 pack) Pop-Tarts Frosted Chocolate Fudge Toaster Pastries, Breakfast Foods, Shelf-Stable, 13.5 oz (8 Count)",Toaster Pastries,15.72,$15.72,19.4 ¢/oz
"Banana Nut Mini Muffins, 12 oz, 12 Count",Pastries,4.74,$4.74,39.5 ¢/oz
"Hostess Donettes, Powdered Mini Donuts, 3 oz Sleeve (6 Mini Donuts)",Pastries,1.68,$1.68,56.0 ¢/oz
"Little Bites Blueberry Muffins, 5 packs, Mini Muffins, 8.25 oz Box",English Muffins,3.98,$3.98,48.0 ¢/oz
Pop-Tarts Crunchy Poppers Frosted Brownie Crunch - 2.1 oz,Candy Bars & Miniatures,1.97,$1.97,93.8 ¢/oz
"(3 pack) Pop-Tarts Frosted S'mores Toaster Pastries, Breakfast Foods, Shelf-Stable, 13.5 oz (8 Count)",Toaster Pastries,7.86,$7.86,19.4 ¢/oz
Pop-Tarts Crunchy Poppers Frosted Strawberry - 2.1 oz,Snack Crackers,1.97,$1.97,93.8 ¢/oz
(4 pack) Pop-Tarts Crunchy Poppers Frosted Brownie Crunch - 2.1 oz,Toaster Pastries,7.88,$7.88,93.8 ¢/oz
(3 pack) Pop-Tarts Crunchy Poppers Frosted Strawberry - 2.1 oz,Toaster Pastries,5.91,$5.91,93.8 ¢/oz
"Chocolate Chip Mini Muffins, 12 oz, 12 Count",Pastries,4.74,$4.74,39.5 ¢/oz
Great Value Chocolate Cupcakes,Cupcakes,2.98,$2.98,$2.98/count
"Marketside Bite Sized Ultimate Chocolate Brownies, 14.1 oz (Shelf Stable)","Sweet Pies, Tarts & Prepared Desserts",5.97,$5.97,42.3 ¢/oz
"Smartfood Popcorn White Cheddar Flavored Popcorn Snacks, 0.625 oz Bags, 10 Count Multipack",Popcorns,5.97,$5.97,94.8 ¢/oz
"Pop Secret Microwave Popcorn, Movie Theater Butter Flavor, 1.75 oz Snack Bags, 12 Ct",Popcorns,3.58,$3.58,17.0 ¢/oz
"Lesserevil, Organic Popcorn, Himalayan Gold, Gluten-Free, 4.6oz",Popcorns,3.13,$3.13,68.0 ¢/oz
"Popcorn, Indiana Black & White Drizzlecorn, 6 Oz",Popcorns,3.28,$3.28,54.7 ¢/oz
"Angie's BOOMCHICKAPOP Sweet & Salty Kettle Corn, 1 oz., 6-Count",Popcorns,5.48,$5.48,91.3 ¢/oz
"(2 pack) Pop Secret Microwave Popcorn, 100 Calorie Butter Flavor, 1.1 oz Snack Bags, 12 Ct",Popcorns,7.52,$7.52,28.1 ¢/oz
"SkinnyPop Gluten-Free White Cheddar Popcorn, 0.5 oz Snack-Size Bags, 10 Count",Popcorns,7.68,$7.68,$1.54/oz
"Popcorn Indiana Original Crispy Crunch Real Butter Movie Theater Pop Corn Value Size, 5.5 oz",Popcorns,3.28,$3.28,59.6 ¢/oz
"Jolly Time Blast O Butter Ultimate Theatre Style Microwave Popcorn, 3.2 oz, 6 pack.",Popcorns,3.64,$3.64,19.0 ¢/oz
"SkinnyPop Gluten-Free Original Popcorn, 0.5 oz Snack-Size Bags, 10 Count",Popcorns,7.68,$7.68,$1.54/oz
"Orville Redenbachers Microwave Popcorn Mini Bags, Movie Theater Butter Flavor, 1.5 oz., 12-Count",Popcorns,4.78,$4.78,26.6 ¢/oz
"Be Happy Snacks D'Amelio Cotton Candy Popcorn, Gluten-Free, 5 oz",Popcorns,3.64,$3.64,72.8 ¢/oz
"Angie's BOOMCHICKAPOP Sweet & Salty Kettle Corn, 7 oz.",Popcorns,2.97,$2.97,42.4 ¢/oz
"Smartfood Popcorn, White Cheddar, 9.75 oz",Popcorns,6.24,$6.24,64.0 ¢/oz
"Be Happy Snacks D'Amelio White Cheddar Popcorn, Gluten-Free, 5 oz",Popcorns,3.64,$3.64,72.8 ¢/oz
"SkinnyPop Gluten-Free Original and White Cheddar Popcorn Snack Variety Pack, 0.5 oz Bag, 18 Count",Popcorns,9.97,$9.97,$1.11/oz
Be Happy Snacks Sweet and Salty 5oz Popcorn,Popcorns,3.64,$3.64,72.8 ¢/oz
"LesserEvil Organic Popcorn, Himalayan Pink, 4.6 oz",Popcorns,2.48,$2.48,53.9 ¢/oz
"Act II Xtreme Butter Microwave Popcorn, 2.75 oz., 12-Count Bags",Popcorns,4.83,$4.83,14.6 ¢/oz
"Act II Butter Mini Bags Butter Lovers Microwave Popcorn, 1.19 oz., 12-Count Bags",Popcorns,3.42,$3.42,23.8 ¢/oz
"Pop Secret Microwave Popcorn, 100 Calorie Butter Flavor, 1.1 oz Snack Bags, 12 Ct",Popcorns,3.76,$3.76,28.1 ¢/oz
"Skinnypop Gluten Free Original Popcorn, 8.0 oz Family Size Bag, Skinny Pop, Popcorn Snacks",Popcorns,4.92,$4.92,61.5 ¢/oz
"Smartfood Popcorn, White Cheddar, 6.75 oz Bag",Popcorns,4.18,$4.18,61.5 ¢/oz
"G.H. Cretors Handcrafted Small-Batch Cheese & Caramel Popcorn Mix, 7.5 oz, Gluten-Free Snack",Popcorns,3.94,$3.94,52.5 ¢/oz
"Pop Secret Popcorn, Double Butter Microwave Popcorn, 3.2 oz Sharing Bags, 12 Ct",Popcorns,5.86,$5.86,15.3 ¢/oz
"AMC Theatres Microwave Popcorn 6ct, Extra Butter",Popcorns,4.98,$4.98,26.7 ¢/oz
"Skinnypop Original Popcorn, 4.4 oz",Popcorns,3.64,$3.64,82.7 ¢/oz
"Crunch 'n Munch Caramel Popcorn with Peanuts, 6 oz.",Popcorns,1.47,$1.47,24.5 ¢/oz
Be Happy Snacks Birthday Cake 5oz Popcorn,Popcorns,3.64,$3.64,72.8 ¢/oz
"Great Value Black and White Drizzle Popcorn, 6 oz",Popcorns,2.78,$2.78,46.3 ¢/oz
"Act II 94% Fat Free Butter Microwave Popcorn, 2.71 oz., 12-Count Bags",Popcorns,4.83,$4.83,14.9 ¢/oz
"CRUNCH 'N MUNCH Buttery Toffee Popcorn with Peanuts, 12 oz.",Popcorns,2.87,$2.87,23.9 ¢/oz
"Orville Redenbachers Microwave Popcorn SmartPop! Value Size, Butter Flavor, 2.69 oz., 12-Count",Popcorns,6.78,$6.78,21.0 ¢/oz
"Act II Kettle Corn Microwave Popcorn, 2.75 oz., 6-Count",Popcorns,3.68,$3.68,22.3 ¢/oz
"Orville Redenbachers Microwave Popcorn, SmartPop! Butter Flavor, 1.6 oz., 12-Count",Popcorns,5,$5.00,35.8 ¢/oz
"SkinnyPop Gluten-Free Butter Microwave Popcorn Snack Multipack, 2.8 oz (6 count)",Popcorns,5.5,$5.50,32.7 ¢/oz
"Skinnypop Gluten Free Cheddar Jalapeno, 4.4 oz Sharing Size Bag, Skinny Pop, Healthy Popcorn Snacks",Popcorns,3.47,$3.47,78.9 ¢/oz
"Orville Redenbachers Microwave Popcorn Value Size, Ultimate Butter Flavor, 3.29 oz., 12-Count",Popcorns,6.78,$6.78,17.2 ¢/oz
"(2 pack) AMC Theatres Ready to Eat Popcorn, Classic Butter",Popcorns,8.28,$8.28,98.6 ¢/oz
"Great Value Classic Sweet and Salty Kettle Corn, 7 oz",Popcorns,2.08,$2.08,29.7 ¢/oz
"SkinnyPop Gluten-Free Sea Salt Microwave Popcorn Snack Multipack, 2.8 oz (6 count)",Popcorns,5.5,$5.50,32.7 ¢/oz
"Great Value White Cheddar Fully Loaded Popcorn, 6.75 oz",Popcorns,2.08,$2.08,29.7 ¢/oz
"Crunch 'n Munch Buttery Toffee Popcorn with Peanuts, 6 oz.",Popcorns,1.47,$1.47,24.5 ¢/oz
"JIFFY POP Butter Flavored Popcorn, Stovetop Popping Pan, 4.5 oz.",Popcorns,2.28,$2.28,50.7 ¢/oz
"Smartfood Kettle Corn Flavored Popcorn, 7.75 oz Bag",Popcorns,4.18,$4.18,53.6 ¢/oz
"Act II Butter Lovers Microwave Popcorn, 2.75 oz, 6-Count Bags",Popcorns,3.68,$3.68,22.3 ¢/oz
"Act II Buttery Kettle Corn Microwave Popcorn, 2.75 oz., 3-Count Bags",Popcorns,1.97,$1.97,23.9 ¢/oz
"Great Value Classic Butter Movie Theater Popcorn, 6.25 oz",Popcorns,2.08,$2.08,34.7 ¢/oz
"Orville Redenbachers Skinnygirl Microwave Popcorn, Butter & Sea Salt Popcorn, 1.5 oz., 10-Count",Popcorns,5.12,$5.12,34.1 ¢/oz
"Reese's Peanut Butter Chocolate Drizzled Popcorn Snack, 5.25 oz Sharing-Size Bag",Popcorns,5.12,$5.12,96.6 ¢/oz
"Act II Butter Lovers Microwave Popcorn, 2.75 oz., 3-Count Bags",Popcorns,1.97,$1.97,23.9 ¢/oz
"Candy Pop Snickers Popcorn, 4 oz.",Popcorns,3.12,$3.12,78.0 ¢/oz
"Act II Homestyle Microwave Popcorn, 2.75 oz., 12-Count Bags",Popcorns,4.83,$4.83,14.6 ¢/oz
"Great Value Extra Butter Flavored Microwave Popcorn, 2.55 oz, 12 Count",Popcorns,5.22,$5.22,17.0 ¢/oz
"Act II Xtreme Butter Microwave Popcorn, 2.75 oz., 6-Count Bags",Popcorns,3.68,$3.68,22.3 ¢/oz
"Orville Redenbacher's Movie Theater Butter Popcorn Tub, 3.9 oz.",Popcorns,3.22,$3.22,82.6 ¢/oz
"Orville Redenbachers Microwave Popcorn, SmartPop! Kettle Corn, 1.2 oz., 12-Count",Popcorns,5,$5.00,35.8 ¢/oz
Khloud Sweet and Salty Kettle Corn Protein Popcorn; Gluten Free; Non-GMO- 5 oz,Popcorns,5.22,$5.22,$1.04/oz
"Caramel Chocolatey Swirl Flavored Popped Corn, 8 Ounces Bag.",Popcorns,3.94,$3.94,49.3 ¢/oz
"Orville Redenbachers Microwave Popcorn, Ultimate Butter Flavor, 3.29 oz., 6-Count",Popcorns,4.84,$4.84,24.5 ¢/oz
"Cookie Pop OREO Popcorn, 4 oz.",Popcorns,3.12,$3.12,78.0 ¢/oz
"Orville Redenbachers Microwave Popcorn, Ultimate Butter Flavor, 3 oz., 18-Count",Popcorns,9.38,$9.38,62.5 ¢/oz
"Marketside Valentine's Popcorn with White Chocolatey Drizzle, 6.5 oz.",Popcorns,4.97,$4.97,76.5 ¢/oz
"Orville Redenbachers Microwave Popcorn Value Size, Naturals Simply Salted Flavor Popcorn, 3.29 oz., 12-Count",Popcorns,6.78,$6.78,17.2 ¢/oz
"O-Ke-Doke Popcorn, Hot Stuff Cheese Popcorn, 7.5 oz Bag",Popcorns,3.82,$3.82,50.9 ¢/oz
"Act II Kettle Corn Microwave Popcorn, 2.75 oz., 18-Count Bags",Popcorns,6.98,$6.98,14.1 ¢/oz
"Act II Mini Bags Butter Microwave Popcorn, 1.09 oz., 12-Count Bags",Popcorns,3.42,$3.42,26.1 ¢/oz
"Popcorn, Indiana Kettle Corn Popcorn, 8 Oz.",Popcorns,3.28,$3.28,41.0 ¢/oz
(2 pack) Be Happy Snacks Birthday Cake 5oz Popcorn,Popcorns,7.28,$7.28,72.8 ¢/oz
"Act II Butter Lovers Microwave Popcorn, 2.75 oz, 18-Count Bags",Popcorns,6.98,$6.98,14.1 ¢/oz
"G.H. Cretors Salted Caramel & Butter Mix Popcorn, 7.5 oz Bag",Popcorns,3.94,$3.94,52.5 ¢/oz
"JOLLY TIME Jalapeo Butter Microwave Popcorn, 3oz 6ct Gluten-free",Popcorns,3.82,$3.82,21.2 ¢/oz
"Werther's Original Caramel Popcorn, Classic Caramel, 5.29 oz",Caramel Candy,3.12,$3.12,59.0 ¢/oz
"G.H. Cretors Popped Caramel Corn, 8 oz - Gluten-Free Popcorn Treat",Popcorns,3.94,$3.94,49.3 ¢/oz
"Skinnypop Popcorn Skinny Pop, White Cheddar, 4.4 oz",Popcorns,3.64,$3.64,82.7 ¢/oz
"Act II Pantry Pack Movie Theater Butter Microwave Popcorn, 2.75 oz., 18-Count Bags",Popcorns,6.98,$6.98,14.1 ¢/oz
"Orville Redenbachers Microwave Popcorn, Pour Over Movie Theater Butter Flavor, 9.9 oz., 2-Count",Popcorns,2.96,$2.96,29.9 ¢/oz
"Great Value Extra Butter Flavored Microwave Popcorn, 2.55 oz, 3 Count",Popcorns,1.62,$1.62,21.1 ¢/oz
"O-Ke-Doke Popcorn, Cheese Popcorn, 7.5 oz Bag",Popcorns,3.82,$3.82,50.9 ¢/oz
"(6 pack) JIFFY POP Butter Flavored Popcorn, Stovetop Popping Pan, 4.5 oz.",Popcorns,13.68,$13.68,50.7 ¢/oz
"LesserEvil, Organic Popcorn, Non-GMO, Real Organic Cheddar - 4.6oz",Popcorns,3.13,$3.13,68.0 ¢/oz
"(6 pack) Reese's Peanut Butter Chocolate Drizzled Popcorn Snack, 5.25 oz Sharing-Size Bag",Popcorns,30.72,$30.72,96.6 ¢/oz
"Great Value Extra Butter Flavored Microwave Popcorn, 2.55 oz, 18 Count",Popcorns,7.12,$7.12,15.5 ¢/oz
"Orville Redenbachers Microwave Popcorn, Movie Theater Butter Flavor, 3 oz., 18-Count",Popcorns,9.38,$9.38,17.4 ¢/oz
"Act II Butter Microwave Popcorn, 2.75 oz., 12-Count Bags",Popcorns,4.83,$4.83,14.6 ¢/oz
"Orville Redenbachers Microwave Popcorn, Movie Theater Butter Flavor, 3 oz., 6-Count",Popcorns,4.84,$4.84,24.5 ¢/oz
"Orville Redenbachers Microwave Popcorn, Butter Flavor, 1.5 oz., 12-Count",Popcorns,4.78,$4.78,26.6 ¢/oz
"Great Value Sea Salt Ready to Eat Popcorn, 6 oz",Popcorns,2.08,$2.08,34.7 ¢/oz
"Pop Secret Microwave Popcorn, Movie Theater Butter, Flavor, 3 oz Sharing Bags, 12 Ct",Popcorns,5.86,$5.86,15.3 ¢/oz
"(3 pack) Great Value White Cheddar Fully Loaded Popcorn, 6.75 oz",Popcorns,6.24,$6.24,29.7 ¢/oz
"(3 pack) Jolly Time White Popcorn Kernels, 32 oz. Bag",Popcorns,7.98,$7.98,8.3 ¢/oz
"Orville Redenbachers Microwave Popcorn, Kettle Corn, 3.3 oz., 6-Count",Popcorns,4.84,$4.84,24.6 ¢/oz
"Great Value Light Butter Flavored Microwave Popcorn, 2.03 oz, 12 Count",Popcorns,5.22,$5.22,21.4 ¢/oz
"Orville Redenbachers Microwave Popcorn Value Size, Butter Flavor, 3.29 oz., 12-Count",Popcorns,6.78,$6.78,17.2 ¢/oz
SMARTFOOD WHITE CHEDDAR 1.875OZ,Popcorns,2.5,$2.50,$1.37/oz
"Pop Secret Popcorn, Kettle Corn Microwave Popcorn, 3 oz Sharing Bags, 12 Ct",Popcorns,5.86,$5.86,16.3 ¢/oz
"Act II Butter Lovers Microwave Popcorn, 2.75 oz., 12-Count Bags",Popcorns,4.83,$4.83,14.6 ¢/oz
"Orville Redenbacher's Popcorn Kernels, White Corn, 45 oz.",Popcorns,6.88,$6.88,15.3 ¢/oz
"JOLLY TIME Select Premium Yellow Popcorn Kernels 30 oz. Gluten-Free, non-GMO, and Whole-Grain. Natural Popcorn Kernels",Popcorns,3.86,$3.86,12.9 ¢/oz
"Great Value Yellow Popping Corn, 32 oz",Popcorns,2.38,$2.38,7.4 ¢/oz
"Orville Redenbachers Microwave Popcorn Value Size, Kettle Corn, 3.28 oz., 12-Count",Popcorns,6.78,$6.78,17.2 ¢/oz
"Great Value Classic Butter Flavored Microwave Popcorn, 2.4 oz, 12 Count",Popcorns,5.22,$5.22,18.1 ¢/oz
"Great Value Classic Butter Flavored Microwave Popcorn, 2.4 oz, 18 Count",Popcorns,7.12,$7.12,16.5 ¢/oz
"Pop Secret Microwave Popcorn, Homestyle Butter Flavor, 3 oz Sharing Bags, 18 Ct",Popcorns,7.96,$7.96,14.7 ¢/oz
"Orville Redenbacher's Gourmet Popcorn Kernels, White Corn, 30 oz.",Popcorns,5.28,$5.28,17.6 ¢/oz
"Candy Pop M&M Popcorn, 4 oz.",Popcorns,3.12,$3.12,78.0 ¢/oz
"Orville Redenbachers Microwave Popcorn Value Size, White Corn, 3.28 oz., 12-Count",Popcorns,6.78,$6.78,17.2 ¢/oz
"Jolly Time The Big Cheez Ultimate Cheddar Microwave Popcorn, 3 oz, 6 Ct. Gluten-Free, Non-GMO",Popcorns,3.64,$3.64,20.2 ¢/oz
"Angie's BOOMCHICKAPOP White Cheddar Popcorn, 4.5 oz.",Popcorns,3.48,$3.48,77.3 ¢/oz
"(3 pack) Be Happy Snacks D'Amelio Cotton Candy Popcorn, Gluten-Free, 5 oz",Popcorns,10.92,$10.92,72.8 ¢/oz
"Pop Secret Microwave Popcorn, Movie Theater Butter Flavor, 3 oz Sharing Bags, 18 Ct",Popcorns,7.96,$7.96,14.7 ¢/oz
"Angie's BOOMCHICKAPOP Sea Salt Popcorn, 4.4 oz.",Popcorns,3.72,$3.72,84.5 ¢/oz
"(2 pack) G.H. Cretors Popped Caramel Corn, 8 oz - Gluten-Free Popcorn Treat",Popcorns,7.88,$7.88,49.3 ¢/oz
"(2 pack) Angie's BOOMCHICKAPOP Sweet & Salty Kettle Corn, 7 oz.",Popcorns,5.94,$5.94,42.4 ¢/oz
"Orville Redenbachers Microwave Popcorn Value Size, Movie Theater Butter Flavor, 3.29 oz., 12-Count",Popcorns,6.78,$6.78,17.2 ¢/oz
"(3 pack) Great Value Classic Butter Movie Theater Popcorn, 6.25 oz",Popcorns,6.24,$6.24,34.7 ¢/oz
"(4 pack) LesserEvil Organic Popcorn, Himalayan Pink, 4.6 oz",Popcorns,9.92,$9.92,53.9 ¢/oz
"(3 pack) JOLLY TIME Jalapeo Butter Microwave Popcorn, 3oz 6ct Gluten-free",Popcorns,11.46,$11.46,21.2 ¢/oz
"(3 pack) Candy Pop Snickers Popcorn, 4 oz.",Popcorns,9.36,$9.36,78.0 ¢/oz
"Pop Secret Microwave Popcorn, Extra Butter Flavor, 3.2 oz Sharing Bags, 12 Ct",Popcorns,5.86,$5.86,15.3 ¢/oz
"(2 pack) O-Ke-Doke Popcorn, Hot Stuff Cheese Popcorn, 7.5 oz Bag",Popcorns,7.64,$7.64,50.9 ¢/oz
Cracker Jack Crunchy Caramel Coated Popcorns & Peanuts 8.5oz Bag,Popcorns,2.92,$2.92,34.4 ¢/oz
"Jolly Time White Popcorn Kernels, 32 oz. Bag",Popcorns,2.66,$2.66,8.3 ¢/oz
"AMC Theatres Ready to Eat Popcorn, Classic Butter",Popcorns,4.14,$4.14,98.6 ¢/oz
"Pop Secret Microwave Popcorn, Homestyle Butter Flavor, 3.2 oz Sharing Bags, 12 Ct",Popcorns,5.86,$5.86,15.3 ¢/oz
"(3 pack) AMC Theatres Microwave Popcorn 6ct, Extra Butter",Popcorns,14.94,$14.94,26.7 ¢/oz
Lesser Evil - Popcorn Himlyn Swtness - 6.4 Oz,Popcorns,3.13,$3.13,48.9 ¢/oz
"(6 pack) Lesserevil, Organic Popcorn, Himalayan Gold, Gluten-Free, 4.6oz",Popcorns,18.78,$18.78,68.0 ¢/oz
"(2 pack) Popcorn, Indiana Kettle Corn Popcorn, 8 Oz.",Popcorns,6.56,$6.56,41.0 ¢/oz
Khloud Olive Oil Sea Salt Protein Popcorn; Gluten Free; Non-GMO; Whole Grain- 4 oz,Popcorns,5.22,$5.22,$1.31/oz
"JOLLY TIME White Cheddar Microwave Popcorn, 2.9 oz, 6 Ct. Gluten-Free, Non-GMO",Popcorns,3.82,$3.82,22.0 ¢/oz
"Rob's Backstage Popcorn, Gluten-Free, Truffle Salt, 4 oz",Popcorns,4.33,$4.33,$1.08/oz
"(2 pack) Skinnypop Popcorn Skinny Pop, White Cheddar, 4.4 oz",Popcorns,7.28,$7.28,82.7 ¢/oz
"Rob's Backstage Popcorn, Gluten-Free, Original Sweet & Salty Flavor, 4 oz",Popcorns,4.33,$4.33,$1.08/oz
"(3 pack) Great Value Sea Salt Ready to Eat Popcorn, 6 oz",Popcorns,6.24,$6.24,34.7 ¢/oz
"(4 pack) Orville Redenbachers Skinnygirl Microwave Popcorn, Butter & Sea Salt Popcorn, 1.5 oz., 10-Count",Popcorns,20.48,$20.48,34.1 ¢/oz
"Pop Secret Microwave Popcorn, Movie Theater Butter Flavor, 3.2 oz Sharing Bags, 3 Ct",Popcorns,2.58,$2.58,26.9 ¢/oz
"(2 pack) Be Happy Snacks D'Amelio White Cheddar Popcorn, Gluten-Free, 5 oz",Popcorns,7.28,$7.28,72.8 ¢/oz
"Pop Secret Microwave Popcorn, Extra Butter Flavor, 3.2 oz Sharing Bags, 6 Ct",Popcorns,3.58,$3.58,18.6 ¢/oz
"(2 pack) Popcornopolis Fuego Takis 6 oz Bag, Hot Chili Pepper & Lime Popcorn",Snack Chips,7.84,$7.84,65.3 ¢/oz
"(2 pack) Great Value Black and White Drizzle Popcorn, 6 oz",Popcorns,5.56,$5.56,46.3 ¢/oz
"Popcornopolis Intense Nacho Takis 6 oz Bag, Cheese Popcorn",Snack Chips,3.92,$3.92,65.3 ¢/oz
"(2 pack) SkinnyPop Popcorn, Original, Naturally Gluten Free, Non-GMO, 1 oz",Popcorns,4.16,$4.16,$2.08/oz
(3 pack) Cracker Jack Crunchy Caramel Coated Popcorns & Peanuts 8.5oz Bag,Popcorns,8.76,$8.76,34.4 ¢/oz
"(4 pack) Smartfood Popcorn, White Cheddar, 9.75 oz",Popcorns,24.96,$24.96,64.0 ¢/oz
(4 pack) Lesser Evil - Popcorn Himlyn Swtness - 6.4 Oz,Popcorns,12.52,$12.52,48.9 ¢/oz
"Popcornopolis Fuego Takis 6 oz Bag, Hot Chili Pepper & Lime Popcorn",Snack Chips,3.92,$3.92,65.3 ¢/oz
"(2 pack) Orville Redenbachers Microwave Popcorn, Movie Theater Butter Flavor, 3 oz., 6-Count",Popcorns,9.68,$9.68,24.5 ¢/oz
"Dash Popcorn Kit with Seasonings, Garlicky Butter, Kettle Corn, Smokehouse BBQ, 4 Popcorn Bags",Popcorns,9.88,$9.88,
"(3 pack) Rob's Backstage Popcorn, Gluten-Free, Original Sweet & Salty Flavor, 4 oz",Popcorns,12.99,$12.99,$1.08/oz
"(4 pack) Great Value Extra Butter Flavored Microwave Popcorn, 2.55 oz, 18 Count",Popcorns,28.48,$28.48,15.5 ¢/oz
"(4 pack) Great Value Classic Butter Flavored Microwave Popcorn, 2.4 oz, 18 Count",Popcorns,28.48,$28.48,16.5 ¢/oz
"(2 pack) Simply Smartfood Sea Salt Popcorn, 5.25 oz Bag",Popcorns,8.34,$8.34,78.7 ¢/oz
"(4 pack) Angie's BOOMCHICKAPOP Sweet & Salty Kettle Corn, 1 oz., 6-Count",Popcorns,21.92,$21.92,91.3 ¢/oz
"(3 pack) Popcornopolis Intense Nacho Takis 6 oz Bag, Cheese Popcorn",Snack Chips,11.76,$11.76,65.3 ¢/oz
"Kernel Season's Honey Butter, 2.85oz",Popcorns,3.54,$3.54,$1.18/oz
"Winona Pure Caramel Spray  Sweet All-Natural, Low Calorie, Dairy-Free, Gluten-Free Popcorn & Dessert Spray, 5 oz",Popcorns,4.84,$4.84,96.8 ¢/oz
(3 pack) Winona Pure Popcorn Spray - Garlic Butter 5oz,Popcorns,14.52,$14.52,96.8 ¢/oz
"Orville Redenbacher's Sweet & Salty Kettle Corn Popcorn Seasoning, 3.3 oz.",Mixed Spices & Seasonings,3.28,$3.28,99.4 ¢/oz
Winona Pure Popcorn Spray - Garlic Butter 5oz,Popcorns,4.84,$4.84,96.8 ¢/oz
"Orville Redenbacher's Movie Theater Butter Popcorn Seasoning, 2.4 oz",Mixed Spices & Seasonings,3.28,$3.28,$1.37/oz
"(3 pack) Orville Redenbacher's Cinnabon Bakery Inspired Cinnamon Roll Flavored Popcorn Seasoning, 3.3 oz.",Popcorns,9.84,$9.84,99.4 ¢/oz
"(2 pack) Kernel Season's Brand Movie Theater Butter Popcorn Topping Spritzer, 5 oz Bottle Spray",Popcorns,8.86,$8.86,88.6 ¢/fl oz
"Southeastern Mills Country Gravy Mix, 2.75 oz Pouch  No Cholesterol, Easy to Prepare, Perfect for Biscuits, Mashed Potatoes & More",Gravies,1.28,$1.28,46.5 ¢/oz
"Helper Breakfast Hashbrowns & Gravy, 2.3 Oz Microwave Cup",Packaged Meals,2.46,$2.46,$1.07/oz
"McCormick No Artificial Flavors Brown Gravy Mix, 0.87 oz Packet",Gravies,1,$1.00,$1.15/oz
"Southeastern Mills Peppered Gravy Mix, 2.75 oz  No Cholesterol, Easy to Prepare, Perfect for Biscuits, Mashed Potatoes & More",Gravies,1.28,$1.28,46.5 ¢/oz
"HORMEL COMPLEATS Meatloaf and Gravy with Mashed Potatoes, Shelf Stable 9 oz Plastic Tray",Packaged Meals,2.52,$2.52,28.0 ¢/oz
"Bob Evans Gluten-Free Family Size Original Mashed Potatoes, 32 oz Tray",Packaged Side Dishes,4.98,$4.98,15.6 ¢/oz
"By Chef Ramsay's Salisbury Steak and Mashed Potatoes with Caramelized Onion Gravy, 9.81 oz (Frozen)",Packaged Meals,5.94,$5.94,60.6 ¢/oz
"Heinz HomeStyle Turkey Gravy, 12 oz Jar",Gravies,1.88,$1.88,15.7 ¢/oz
"Bob Evans Gluten-Free Original Mashed Potatoes, 24 oz Tray",Packaged Side Dishes,3.92,$3.92,16.3 ¢/oz
"McCormick No Artificial Flavors Chicken Gravy Mix, 0.87 oz Packet",Gravies,1.64,$1.64,$1.89/oz
"Great Value Reduced Sodium Brown Gravy Mix, 0.87 oz",Gravies,0.5,$0.50,57.5 ¢/oz
"Pioneer Brown Gravy Mix, 1.61 oz  Makes 2 Cups of Rich, Savory Gravy  Just Add Water for a Quick, Delicious Meal Addition",Gravies,0.97,$0.97,60.2 ¢/oz
"Heinz HomeStyle Classic Chicken Gravy, 12 oz Jar",Gravies,1.88,$1.88,15.7 ¢/oz
"Heinz HomeStyle Beef Gravy, 12 oz Jar",Gravies,1.88,$1.88,15.7 ¢/oz
"Pioneer Country Gravy Mix, Rich & Creamy, Southern Style, 2.75 oz Pouch (Yields 8 Servings)",Packaged Meals,1.28,$1.28,46.5 ¢/oz
"(3 pack) HORMEL COMPLEATS Chicken Breast with Gravy & Mashed Potatoes, Shelf Stable, 10 oz Plastic Tray",Packaged Meals,7.56,$7.56,25.2 ¢/oz
"Reser's Main St Bistro Roasted Garlic & Rosemary Potatoes, 17 oz Tray (Refrigerated)",Packaged Side Dishes,5.48,$5.48,32.2 ¢/oz
"McCormick No Artificial Flavors Original Country Gravy Mix, 2.64 oz Packet",Gravies,1.52,$1.52,41.8 ¢/oz
"(3 pack) HORMEL COMPLEATS Meatloaf and Gravy with Mashed Potatoes, Shelf Stable 9 oz Plastic Tray",Packaged Meals,7.56,$7.56,28.0 ¢/oz
"Jimmy Dean Sausage & Gravy Breakfast Bowl, 7 oz (Frozen)",Packaged Meals,2.68,$2.68,38.3 ¢/oz
"Idahoan Loaded Baked Mashed Potatoes Side Dish, 4 oz",Packaged Side Dishes,0.74,$0.74,18.5 ¢/oz
"Fire & Smoke Society Brown Gravy Mix, 1 oz Gravy Packet",Gravies,1.74,$1.74,$1.74/oz
"Idahoan Sour Cream & Chives Mashed Potatoes, 4 oz",Packaged Side Dishes,1.27,$1.27,31.8 ¢/oz
Dolly Parton's Beef Pot Roast With Vegetables in Southern Style Gravy 11 oz (frozen),Packaged Meals,3.86,$3.86,35.1 ¢/oz
"Idahoan Roasted Garlic Mashed Potatoes, 4 oz Pouch",Packaged Side Dishes,1.27,$1.27,31.8 ¢/oz
"Heinz HomeStyle Turkey Gravy Value Size, 18 oz Jar",Gravies,3.87,$3.87,21.5 ¢/oz
"Idahoan Buttery Homestyle Mashed Potatoes , 4 oz",Packaged Side Dishes,0.5,$0.50,12.5 ¢/oz
"Idahoan Butter & Herb Mashed Potatoes Side Dish, 4 oz",Packaged Side Dishes,1.27,$1.27,31.8 ¢/oz
"Idahoan Baby Reds Mashed Potatoes with Roasted Garlic & Parmesan Side Dish, 4.1 oz",Packaged Side Dishes,1.27,$1.27,31.0 ¢/oz
"Idahoan Four Cheese Mashed Potatoes, 4 oz",Packaged Side Dishes,0.74,$0.74,18.5 ¢/oz
"Idahoan Baby Reds Mashed Potatoes Side Dish, 4.1 oz",Packaged Side Dishes,1.27,$1.27,31.0 ¢/oz
"Marketside Biscuits & Gravy, 7 oz (Refrigerated)",Packaged Meals,3.92,$3.92,56.0 ¢/oz
"Idahoan Loaded Baked Mashed Potatoes Family Size Side Dish, 8 oz",Packaged Side Dishes,2.82,$2.82,35.3 ¢/oz
"Birds Eye Steamfresh Roasted Red Potatoes with Chive Butter Sauce, Frozen Vegetables, 10.8 oz. Bag",Frozen Vegetables,2.36,$2.36,21.9 ¢/oz
"Idahoan Buttery Homestyle Mashed Potatoes Cups, 1.5 oz, 4 Count",Packaged Side Dishes,5.17,$5.17,86.2 ¢/oz
"Birds Eye Steamfresh Roasted Red Potato Blend, Frozen Side, 10 oz. Bag",Frozen Vegetables,1.94,$1.94,19.4 ¢/oz
"Idahoan 13.75 oz Original Mashed Potatoes, 13.75 oz",Packaged Side Dishes,2.56,$2.56,18.6 ¢/oz
"Great Value Roasted Garlic Complete Potatoes, 4 oz",Packaged Side Dishes,1,$1.00,25.0 ¢/oz
"Banquet Family Size Salisbury Steaks and Brown Gravy, Frozen Meal, 27 oz.",Packaged Meals,3.87,$3.87,14.3 ¢/oz
"Great Value Country Peppered Gravy Mix, 2.5 oz",Gravies,0.97,$0.97,38.8 ¢/oz
"Simply Organic Brown Gravy Mix, 1 oz Packet",Gravies,1.74,$1.74,$1.74/oz
"Tyson Country Fried Steaks with Gravy Mix, 22.75 oz (Frozen, Fully Cooked)",Packaged Meals,8.47,$8.47,37.2 ¢/oz
"Libby's Country Sausage Gravy, 15 oz Can",Gravies,1.87,$1.87,12.5 ¢/oz
"Idahoan Roasted Garlic Mashed Potatoes Family Size, 8 oz",Packaged Side Dishes,2.82,$2.82,35.3 ¢/oz
"Ore-Ida Homestyle Steam 'N' Mash Recipe Ready Pre-Cut Russet Potatoes Frozen Side Dish, 24 oz Bag",Packaged Side Dishes,4.68,$4.68,19.5 ¢/oz
"Idahoan Buttery Homestyle Mashed Potatoes Family Size Pantry Food, 8 oz",Packaged Side Dishes,2.82,$2.82,35.3 ¢/oz
"Heinz HomeStyle Chicken Gravy Value Size, 18 oz Jar",Gravies,3.87,$3.87,21.5 ¢/oz
"Jimmy Dean Biscuit & Sausage Gravy Breakfast Bowl, 9 oz (Frozen)",Packaged Meals,2.68,$2.68,29.8 ¢/oz
"Dolly Parton's Country Fried Steak With Mashed Potatoes, Green Beans, With Bacon, 12 oz. (frozen)",Packaged Meals,3.86,$3.86,32.2 ¢/oz
"Great Value Meatloaf and Mashed Potatoes, 10 oz (Frozen)",Packaged Meals,2.97,$2.97,29.7 ¢/oz
"Great Value Country Gravy Mix, 2.5 oz",Gravies,1.42,$1.42,56.8 ¢/oz
"Great Value Brown Gravy Mix, 7.62 oz",Gravies,5.08,$5.08,66.7 ¢/oz
"Pioneer Peppered Gravy Mix, 2.75 oz - Smooth Gravy for Meats and Biscuits, Contains No Allergens",Gravies,1.28,$1.28,46.5 ¢/oz
"HORMEL SQUARE TABLE Slow Simmered Beef Tips and Gravy, Beef Shoulder Cuts,  Refrigerated, 15 oz Plastic Microwaveable Tray",Lunch & Deli Meats,11.28,$11.28,75.2 ¢/oz
"Great Value Turkey Gravy Mix, 0.87 oz",Gravies,0.68,$0.68,78.2 ¢/oz
"Heinz HomeStyle Beef Gravy Value Size, 18 oz Jar",Gravies,3.87,$3.87,21.5 ¢/oz
"McCormick No Artificial Flavors Pork Gravy Seasoning Mix, 0.87 oz Packet",Gravies,1.64,$1.64,$1.89/oz
"(4 pack) Libby's Country Sausage Gravy, 15 oz Can",Gravies,7.48,$7.48,12.5 ¢/oz
"Hormel Square Table Sliced Roasted Turkey Breast and Gravy, Refrigerated Entre, 15 oz Tray",Turkey,7.92,$7.92,52.8 ¢/oz
"Marie Callender's Fried Chicken and Mashed Potato Bowl, Frozen Meal, 11.5 oz. (frozen)",Packaged Meals,2.76,$2.76,24.0 ¢/oz
"(12 pack) Great Value Reduced Sodium Brown Gravy Mix, 0.87 oz",Gravies,6,$6.00,57.5 ¢/oz
"(4 pack) Great Value Country Gravy Mix, 2.5 oz",Gravies,5.68,$5.68,56.8 ¢/oz
"Smart Ones Slow Roasted Turkey Breast Frozen Meal, 9 Oz box",Packaged Meals,2.26,$2.26,25.1 ¢/oz
"Birds Eye Oven Roasters Seasoned Red Potato Wedges & Onions, Frozen Vegetables, 15 oz. Bag",Packaged Side Dishes,3.12,$3.12,22.3 ¢/oz
"DINTY MOORE Beef Stew, Shelf-Stable, 12 Grams Protein, 9 oz Plastic Microwaveable Tray (3 Pack)",Packaged Meals,6.28,$6.28,23.3 ¢/oz
"(6 pack) Heinz HomeStyle Turkey Gravy Value Size, 18 oz Jar",Gravies,23.22,$23.22,21.5 ¢/oz
"Pioneer Brand Country Sausage Gravy Mix, 2.75 oz - Makes 2 Cups",Gravies,1.28,$1.28,46.5 ¢/oz
"McCormick No Artificial Flavors Mushroom Gravy Mix, 0.75 oz Packet",Gravies,1.64,$1.64,$2.19/oz
"Kevin's Natural Foods Sirloin Steak Tips with Gravy, Fully Cooked Refrigerated Entree, 16 oz",Packaged Meals,12.38,$12.38,77.4 ¢/oz
"Banquet Salisbury Steak, Frozen Meal, 11.88 oz.",Packaged Meals,1.87,$1.87,15.7 ¢/oz
"Pioneer Biscuit Gravy Mix, 2.75 oz  Just Add Water for Rich, Creamy Gravy  Perfect for Biscuits, Breakfast, and More!",Gravies,1.28,$1.28,46.5 ¢/oz
"(4 pack) Great Value Turkey Gravy Mix, 0.87 oz",Gravies,1.28,$1.28,36.8 ¢/oz
"Birds Eye Steamfresh Parmesan Garlic Roasted Red Potatoes & Green Beans, Frozen Side, 10.8 oz. Bag",Frozen Vegetables,2.48,$2.48,23.0 ¢/oz
"Pictsweet Farms Frozen Seasoned Vegetables Red Potatoes Onions & Sweet Peppers, 14 oz, Plastic Bag",Packaged Side Dishes,3.48,$3.48,24.9 ¢/oz
"Birds Eye Oven Roasters Seasoned Sweet Potatoes, Carrots & Red Potatoes, Frozen Vegetables, 14 oz.",Packaged Side Dishes,3.12,$3.12,22.3 ¢/oz
"(3 pack) DINTY MOORE Beef Stew, Shelf-Stable, Steel Can 38 oz",Packaged Meals,19.74,$19.74,17.3 ¢/oz
"(4 pack) Pioneer Peppered Gravy Mix, 2.75 oz - Smooth Gravy for Meats and Biscuits, Contains No Allergens",Gravies,5.12,$5.12,46.5 ¢/oz
"McCormick No Artificial Flavors Brown Gravy Seasoning Mix Bottle, 21.0 oz Bottle",Mixed Spices & Seasonings,10.08,$10.08,48.0 ¢/oz
"McCormick No Artificial Flavors Brown Gravy Seasoning Mix, 7.62 oz Bottle",Mixed Spices & Seasonings,6.68,$6.68,87.7 ¢/oz
"(2 pack) Heinz HomeStyle Beef Gravy Value Size, 18 oz Jar",Gravies,7.74,$7.74,21.5 ¢/oz
"(3 pack) DINTY MOORE Beef Stew, Shelf-Stable, 12 grams Protein, 9 oz Plastic Microwaveable Tray",Packaged Meals,7.56,$7.56,28.0 ¢/oz
"Fire & Smoke Society Au Jus Gravy Mix, 1 oz Au Jus Seasoning Mix",Gravies,1.67,$1.67,$1.67/oz
"DINTY MOORE Beef Stew, Shelf-Stable, Steel Can 38 oz",Packaged Meals,6.58,$6.58,17.3 ¢/oz
"(2 pack) Heinz HomeStyle Chicken Gravy Value Size, 18 oz Jar",Gravies,7.74,$7.74,21.5 ¢/oz
"Pictsweet Farms Sweet Potato Casserole, Frozen Vegetables, 22 oz, Carton Pack",Packaged Side Dishes,6.86,$6.86,31.2 ¢/oz
"(3 pack) Pioneer Biscuit Gravy Mix, 2.75 oz  Just Add Water for Rich, Creamy Gravy  Perfect for Biscuits, Breakfast, and More!",Gravies,3.84,$3.84,46.5 ¢/oz
"(3 pack) Pioneer Brand Country Sausage Gravy Mix, 2.75 oz - Makes 2 Cups",Gravies,3.84,$3.84,46.5 ¢/oz
"Marie Callenders Chicken Pot Pie Large Size Frozen Meal, 15 oz. (frozen)",Packaged Meals,2.94,$2.94,19.6 ¢/oz
"(5 pack) Kinder's Au Jus Bone Broth Gravy Mix, 1.1 oz Packet",Gravies,8.35,$8.35,$1.52/oz
"Stove Top Savory Herbs Stuffing Mix, 6 oz Box",Packaged Side Dishes,2.96,$2.96,49.3 ¢/oz
"McCormick No Artificial Flavors Turkey Gravy Seasoning Mix, 0.87 oz Packet",Gravies,1.64,$1.64,$1.89/oz
"Kinder's Au Jus Bone Broth Gravy Mix, 1.1 oz Packet","Bouillon, Broths & Stocks",1.67,$1.67,$1.52/oz
"Banquet Chicken Pot Pie, Frozen Meal, 7 oz.",Packaged Meals,1,$1.00,14.3 ¢/oz
"Stove Top Stuffing Mix, 1 Box, for Dinner Sides and Thanksgiving Dinner, Chicken, 6 oz",Packaged Side Dishes,1.88,$1.88,31.3 ¢/oz
"(2 pack) Kinder's Roasted Turkey Bone Broth Gravy Mix, 1 oz",Gravies,3.52,$3.52,$1.76/oz
"Papa Charlie's thin sliced Italian Beef with Au Jus, 64 oz tub, Gluten Free, Frozen, Chicago Style",Lunch & Deli Meats,19.34,$19.34,$4.84/lb
"Simply Organic Roasted Chicken Gravy Seasoning Mix, .85 oz Packet",Gravies,1.74,$1.74,$2.05/oz
"Stove Top Stuffing Mix for Turkey, 6 oz Box",Packaged Side Dishes,1.58,$1.58,26.3 ¢/oz
"Great Value Frozen Root Blend With Beets, Carrots, Parsnips, and Sweet Potatoes, 20 oz (Frozen Bag)",Packaged Side Dishes,2.72,$2.72,13.6 ¢/oz
"San Gennaro Traditional Italian Polenta, 18 oz",Packaged Side Dishes,3.52,$3.52,19.6 ¢/oz
"Birds Eye Roasted Garlic Mashed Cauliflower, Frozen Vegetables, 12 oz. Box",Packaged Side Dishes,3.12,$3.12,26.0 ¢/oz
"Maruchan Ramen Noodle Soup, Chicken Flavor Instant Noodles, Shelf Stable, 3 oz Package",Prepared & Packaged Soups,0.38,$0.38,12.7 ¢/oz
"Nissin Foods Cup Noodles Ramen Noodle Soup, Chicken Flavor, 2.25 oz Cup, Shelf-Stable, 6 Pack",Prepared & Packaged Soups,2.97,$2.97,22.0 ¢/oz
Samyang Buldak Rose Ramen 5-pack,Noodles,7.48,$7.48,30.3 ¢/oz
"Tapatio Spicy Chicken Flavor Ramen Bowl, 3.8 oz",Prepared & Packaged Soups,1.82,$1.82,47.9 ¢/oz
"CHEF WOO Braised Beef Ramen, High Protein Noodles, 20g of Animal-free, Bioavailable Protein, 2.5 oz Cup",Prepared & Packaged Soups,1.74,$1.74,69.6 ¢/oz
"Nissin Foods Top Ramen The Original Ramen Noodle Soup, Chicken Flavor, 3 oz Bag, Shelf-Stable",Prepared & Packaged Soups,0.3,$0.30,10.0 ¢/oz
"Old El Paso Ramen Noodles, Beef Birria Flavor, Microwave Soup Cup, 1.98 oz",Prepared & Packaged Soups,1.97,$1.97,99.5 ¢/oz
"Nissin Foods Top Ramen Instant Ramen Noodle Soup, Beef Flavor, 3 oz Bag, Shelf-Stable",Prepared & Packaged Soups,0.3,$0.30,10.0 ¢/oz
"Ramen Express Chicken Flavor Ramen Noodles, Vegan, Halal, Kosher, 3 oz Pouch",Noodles,0.36,$0.36,12.0 ¢/oz
"Samyang Spicy Chicken Noodle Carbonara Flavor Ramen, 4.58 oz, 5 Pack",Noodles,7.48,$7.48,32.7 ¢/oz
"Nissin Cup Noodles Ramen Bistro Ramen Noodle Soup, Japanese Miso Flavor, 3.10 oz Cup, Shelf-Stable",Prepared & Packaged Soups,1.08,$1.08,34.8 ¢/oz
"(2 pack) Maruchan Ramen Noodle Soup, Pork Flavor Instant Noodles, Shelf Stable, 3 oz Package",Prepared & Packaged Soups,0.76,$0.76,12.7 ¢/oz
"Maruchan Yakisoba Teriyaki Chicken Flavor Noodles, 3.98 oz Shelf Stable Package",Prepared & Packaged Soups,1.28,$1.28,32.2 ¢/oz
"Ramen Express Beef Flavor Ramen Noodles, Vegan, Halal, Kosher, 3 oz Pouch",Prepared & Packaged Soups,0.36,$0.36,12.0 ¢/oz
"Maruchan Gold Soy Sauce Flavor Instant Ramen Noodle Soup, Ready-to-Cook, 3.79 oz Package",Prepared & Packaged Soups,2.08,$2.08,54.9 ¢/oz
"Nissin Foods Cup Noodles Ramen Bistro Ramen Noodle Soup, Sichuan Garlic Chicken Flavor, 3.10 oz Cup, Shelf-Stable",Prepared & Packaged Soups,1.08,$1.08,34.8 ¢/oz
"Maruchan Instant Lunch Ramen Noodles Lime Flavor with Shrimp, 2.25 oz Cup, Shelf Stable",Prepared & Packaged Soups,0.48,$0.48,21.3 ¢/oz
"Nissin Cup Noodles Protein Ramen, Chicken Flavor with Bone Broth, 16g Protein, 2.54 Ounce Cup",Prepared & Packaged Soups,1.34,$1.34,52.8 ¢/oz
"Nissin Cup Noodles Ramen Bistro Ramen Noodle Soup, Korean Gochujang Beef Flavor, 3.10 oz Cup, Shelf-Stable",Prepared & Packaged Soups,1.08,$1.08,34.8 ¢/oz
"Maruchan Yakisoba Teriyaki Beef Flavor Noodles, 4 oz Shelf Stable Package",Prepared & Packaged Soups,1.42,$1.42,35.5 ¢/oz
Black Garlic Beef Ramen Noodles by Chef Ramsay | Chef Woo High Protein Ramen Cups,Noodles,1.97,$1.97,73.5 ¢/oz
"Chef WOO Spicy Tequila Lime Ramen, High Protein Noodles, 20g of Animal-free, Bioavailable Protein, 2.5 oz Cup",Prepared & Packaged Soups,1.74,$1.74,69.6 ¢/oz
"CHEF WOO Roasted Chicken Ramen Cup High Protein Noodles (2.5 oz), 20g of Animal-free, Bioavailable Protein, .",Prepared & Packaged Soups,1.74,$1.74,69.6 ¢/oz
"Tapatio Spicy Ramen Original Bowl, 3.8 oz",Prepared & Packaged Soups,1.82,$1.82,47.9 ¢/oz
"Totino's Ramen Noodles, Cheese Pizza Flavor, Microwave Soup Cup, 2.12 oz",Prepared & Packaged Soups,1.97,$1.97,92.9 ¢/oz
"Old El Paso Ramen Noodles, Fajita Flavor, Microwave Soup Cup, 2.12 oz",Prepared & Packaged Soups,1.97,$1.97,92.9 ¢/oz
"(8 pack) Maruchan Instant Lunch Ramen Noodles, Cheddar Cheese Flavor, Shelf Stable, 2.25 oz Cup",Prepared & Packaged Soups,3.84,$3.84,21.3 ¢/oz
"Nissin Foods The Original Cup Noodles Ramen Noodle Soup, Beef Flavor, 2.25 oz Cup, Shelf-Stable",Prepared & Packaged Soups,0.5,$0.50,22.2 ¢/oz
"Nissin Foods Cup Noodles Stir Fry Ramen Noodles, Fiery Korean Chicken Flavor, 2.36 oz Cup, Shelf-Stable",Prepared & Packaged Soups,1.08,$1.08,36.5 ¢/oz
"(6 pack) Maruchan Instant Lunch Ramen Noodles, Hot & Spicy Chicken Flavor, Shelf Stable, 2.25 oz Cup",Prepared & Packaged Soups,2.88,$2.88,21.3 ¢/oz
"(8 pack) Maruchan Instant Lunch Ramen Noodles, Chicken Flavor, Shelf Stable, 2.25 oz Cup",Prepared & Packaged Soups,3.84,$3.84,21.3 ¢/oz
"Nissin Foods Chow Mein Instant Noodles, Teriyaki Chicken Flavor, 4.0 oz Tray, Shelf-Stable",Prepared & Packaged Soups,1.46,$1.46,36.5 ¢/oz
"Samyang Buldak Spicy Yakisoba Ramen 5-pack, 4.40 oz Bags",Noodles,7.48,$7.48,34.0 ¢/oz
Top Ramen Hot Pot Fusions Thai Curry Chicken,Prepared & Packaged Soups,1.97,$1.97,41.0 ¢/oz
"CHEF WOO Baja Chili Ramen, High Protein Noodles, 20g of Animal-free, Bioavailable Protein, 2.5 oz Cup",Prepared & Packaged Soups,1.74,$1.74,69.6 ¢/oz
"Ramen Express Hotter and Spicier Chili Ramen Noodles, Vegan, Halal, Kosher, 3 oz Pouch",Prepared & Packaged Soups,0.36,$0.36,12.0 ¢/oz
Top Ramen Hot Pot Fusions Korean Spicy Beef,Prepared & Packaged Soups,1.97,$1.97,41.0 ¢/oz
"Tapatio Spicy Carne Asada Flavor Ramen Bowl, 3.8oz",Prepared & Packaged Soups,3.87,$3.87,99.7 ¢/oz
"(8 pack) Maruchan Instant Lunch Ramen Noodles, Beef Flavor, Shelf Stable, 2.25 oz Cup",Prepared & Packaged Soups,3.84,$3.84,20.9 ¢/oz
"Nissin Cup Noodles Protein Ramen, Beef Flavor with Bone Broth, 16g Protein, 2.54 Ounce Cup",Prepared & Packaged Soups,1.34,$1.34,52.8 ¢/oz
Hot Ones x A-Sha Smoky Chili Ramen Noodle Soup,Prepared & Packaged Soups,2.08,$2.08,83.2 ¢/oz
"(8 pack) Maruchan Instant Lunch Ramen Noodles, Roast Chicken Flavor, Shelf Stable Cup, 2.25 oz",Prepared & Packaged Soups,3.84,$3.84,21.3 ¢/oz
"(8 pack) Maruchan Instant Lunch Ramen Noodles, Shrimp Flavor, Shelf Stable, 2.25 oz Cup",Prepared & Packaged Soups,3.84,$3.84,21.3 ¢/oz
"Maruchan Bowl FIRE Spicy Beef Flavor Ramen Noodles, 3.49 oz Shelf Stable Package",Prepared & Packaged Soups,1.28,$1.28,36.6 ¢/oz
"(24 pack) Nissin Foods Top Ramen The Original Ramen Noodle Soup, Chicken Flavor, 3 oz Bag, Shelf-Stable",Prepared & Packaged Soups,7.2,$7.20,10.0 ¢/oz
"(8 pack) Maruchan Instant Lunch Ramen Noodles, Hot & Spicy Chicken Flavor, Shelf Stable, 2.25 oz Cup",Prepared & Packaged Soups,3.84,$3.84,21.3 ¢/oz
"(6 pack) Maruchan Yakisoba Teriyaki Chicken Flavor Noodles, 3.98 oz Shelf Stable Package",Prepared & Packaged Soups,7.68,$7.68,32.2 ¢/oz
"(6 pack) Chef WOO Spicy Tequila Lime Ramen, High Protein Noodles, 20g of Animal-free, Bioavailable Protein, 2.5 oz Cup",Noodles,10.44,$10.44,69.6 ¢/oz
"(24 pack) Maruchan Ramen Noodle Shrimp Flavor Soup, 3 oz, 12 Count Shelf Stable Package",Prepared & Packaged Soups,6.68,$6.68,0.8 ¢/oz
"(8 pack) Maruchan Instant Lunch Ramen Noodles, Hot & Spicy Shrimp Flavor, Shelf Stable, 2.25 oz Cup",Prepared & Packaged Soups,3.84,$3.84,21.3 ¢/oz
"Maruchan Yakisoba Fire Spicy Beef Flavor Noodles, Shelf Stable, 3.99 oz Package",Prepared & Packaged Soups,1.28,$1.28,32.1 ¢/oz
"Nissin Cup Noodles Protein Ramen, Chicken Flavor Spicy Ramen with Bone Broth, 16g Protein, 2.54 Ounce Cup",Prepared & Packaged Soups,1.34,$1.34,52.8 ¢/oz
"Totino's Ramen Noodles, Buffalo Style Chicken Pizza Flavor, Microwave Soup Cup, 2.19 oz",Prepared & Packaged Soups,1.97,$1.97,90.0 ¢/oz
"(24 pack) Ramen Express Chicken Flavor Ramen Noodles, Vegan, Halal, Kosher, 3 oz Pouch",Prepared & Packaged Soups,8.64,$8.64,12.0 ¢/oz
"(6 pack) Maruchan Yakisoba Spicy Chicken Flavor Noodles, 4.11 oz Shelf Stable Package",Prepared & Packaged Soups,7.68,$7.68,31.1 ¢/oz
"Nissin Foods Hot & Spicy Fire Wok Chili-Infused Asian Noodles, Screamin' Sichuan Beef Flavor, 3.10 oz Bag, Shelf-Stable",Noodles,0.98,$0.98,31.6 ¢/oz
"(6 pack) Maruchan Instant Lunch Ramen Noodles, Lime Chili Flavor with Shrimp, Shelf Stable, 2.25 oz Cup",Prepared & Packaged Soups,2.88,$2.88,21.3 ¢/oz
"(6 pack) Ramen Express Beef Flavor Ramen Noodles, Vegan, Halal, Kosher, 3 oz Pouch",Prepared & Packaged Soups,2.16,$2.16,12.0 ¢/oz
"(48 pack) Maruchan Ramen Noodle Chicken Flavor Soup, 3 oz, 12 Count Shelf Stable Package",Prepared & Packaged Soups,13.36,$13.36,0.8 ¢/oz
"(6 pack) Maruchan Instant Lunch Ramen Noodles, Beef Flavor, Shelf Stable, 2.25 oz Cup",Packaged Side Dishes,2.88,$2.88,20.9 ¢/oz
"(5 pack) Maruchan Gold Soy Sauce Flavor Instant Ramen Noodle Soup, Ready-to-Cook, 3.79 oz Package",Prepared & Packaged Soups,10.4,$10.40,54.9 ¢/oz
"(2 pack) Nissin Foods Cup Noodles Ramen Noodle Soup, Chicken Flavor, 2.25 oz Cup, Shelf-Stable, 6 Pack",Prepared & Packaged Soups,5.94,$5.94,22.0 ¢/oz
"(6 pack) Maruchan Instant Lunch Ramen Noodles, Shrimp Flavor, Shelf Stable, 2.25 oz Cup",Prepared & Packaged Soups,2.88,$2.88,21.3 ¢/oz
"(48 pack) Maruchan Ramen Noodle Shrimp Flavor Soup, 3 oz, 12 Count Shelf Stable Package",Prepared & Packaged Soups,13.36,$13.36,0.8 ¢/oz
"(6 Pack) Nissin Beef Flavor The Original Cup Noodles, 2.25 Oz",Prepared & Packaged Soups,2.97,$2.97,22.0 ¢/oz
"(2 pack) Tapatio Spicy Chicken Flavor Ramen Bowl, 3.8 oz",Prepared & Packaged Soups,3.64,$3.64,47.9 ¢/oz
"(6 pack) Maruchan Yakisoba Chicken Flavor Noodles, 4 oz Shelf Stable Package",Prepared & Packaged Soups,7.68,$7.68,32.0 ¢/oz
"(8 pack) Maruchan Instant Lunch Ramen Noodles, Hot & Spicy Beef Flavor, Shelf Stable, 2.25 oz Cup",Prepared & Packaged Soups,3.84,$3.84,21.3 ¢/oz
"(8 pack) Maruchan Instant Lunch Ramen Noodles Lime Flavor with Shrimp, 2.25 oz Cup, Shelf Stable",Prepared & Packaged Soups,3.84,$3.84,21.3 ¢/oz
"(6 pack) Nissin Foods Hot & Spicy Ramen Noodle Soup, Chicken Flavor, 4.55 oz Bowl, Shelf-Stable",Prepared & Packaged Soups,8.28,$8.28,41.8 ¢/oz
"(12 pack) Chef WOO Spicy Tequila Lime Ramen, High Protein Noodles, 20g of Animal-free, Bioavailable Protein, 2.5 oz Cup",Noodles,20.04,$20.04,66.8 ¢/oz
"(2 pack) Nissin Foods Cup Noodles Stir Fry Ramen Noodles, Fiery Korean Chicken Flavor, 2.36 oz Cup, Shelf-Stable",Prepared & Packaged Soups,2.16,$2.16,36.5 ¢/oz
"(12 pack) Nissin Foods Cup Noodles Ramen Noodle Soup, Chicken Flavor, 2.25 oz Cup, Shelf-Stable",Prepared & Packaged Soups,6,$6.00,22.2 ¢/oz
"(48 pack) Maruchan Ramen Noodle Beef Flavor Soup, 3 oz, 12 Count, Shelf Stable Package",Prepared & Packaged Soups,13.36,$13.36,0.8 ¢/oz
"(12 pack) Ramen Express Hotter and Spicier Chili Ramen Noodles, Vegan, Halal, Kosher, 3 oz Pouch",Prepared & Packaged Soups,4.32,$4.32,12.0 ¢/oz
"(2 pack) Tapatio Spicy Ramen Birria Bowl, 3.8oz",Prepared & Packaged Soups,3.64,$3.64,47.9 ¢/oz
"Lipton Soup Secrets Instant Noodle Soup Mix Chicken Flavor Broth, 2 Count Box Regular",Prepared & Packaged Soups,1.97,$1.97,43.8 ¢/oz
"(6 pack) CHEF WOO Baja Chili Ramen, High Protein Noodles, 20g of Animal-free, Bioavailable Protein, 2.5 oz Cup",Noodles,10.44,$10.44,69.6 ¢/oz
"(12 pack) CHEF WOO Baja Chili Ramen, High Protein Noodles, 20g of Animal-free, Bioavailable Protein, 2.5 oz Cup",Noodles,20.88,$20.88,69.6 ¢/oz
"(6 pack) Nissin Foods Hot & Spicy Ramen Noodle Soup, Shrimp Flavor, 3.27 oz Bowl, Shelf-Stable",Prepared & Packaged Soups,8.28,$8.28,42.2 ¢/oz
"(2 pack) Tapatio Spicy Ramen Original Bowl, 3.8 oz",Prepared & Packaged Soups,3.64,$3.64,47.9 ¢/oz
"(3 pack) Shiitake Mushroom Chicken Ramen Noodles by Chef Ramsay, Chef Woo High Protein Ramen Cups",Prepared & Packaged Soups,5.91,$5.91,76.4 ¢/oz
"(2 pack) Tapatio Spicy Chili Lime Shrimp Flavor Ramen Bowl, 3.8 oz",Prepared & Packaged Soups,3.64,$3.64,46.9 ¢/oz
(3 pack) Black Garlic Beef Ramen Noodles by Chef Ramsay | Chef Woo High Protein Ramen Cups,Noodles,5.91,$5.91,73.5 ¢/oz
"(2 pack) MAMA Noodle-Chicken Flavor, 1.94 oz, 5 Pack",Noodles,7.94,$7.94,40.9 ¢/oz
"(6 pack) Nissin Cup Noodles Protein Ramen, Beef Flavor with Bone Broth, 16g Protein, 2.54 Ounce Cup",Prepared & Packaged Soups,8.04,$8.04,52.8 ¢/oz
"(3 pack) Maruchan Bowl FIRE Spicy Beef Flavor Ramen Noodles, 3.49 oz Shelf Stable Package",Prepared & Packaged Soups,3.84,$3.84,36.7 ¢/oz
"(6 pack) Nissin Cup Noodles Protein Ramen, Chicken Flavor with Bone Broth, 16g Protein, 2.54 Ounce Cup",Prepared & Packaged Soups,8.04,$8.04,52.8 ¢/oz
"(6 pack) Nissin Cup Noodles Protein Ramen, Chicken Flavor Spicy Ramen with Bone Broth, 16g Protein, 2.54 Ounce Cup",Prepared & Packaged Soups,8.04,$8.04,52.8 ¢/oz
"(6 pack) Choi Spicy Sriracha Original Flavor Ramen Cup, 2.29 oz",Prepared & Packaged Soups,7.98,$7.98,58.1 ¢/oz
"Reames Homestyle Egg Noodles, 24 Ounce Bag (Frozen)",Packaged Side Dishes,6.63,$6.63,27.6 ¢/oz
"(6 pack) Choi Spicy Sriracha Chicken Flavor Ramen Cup, 2.29 oz",Prepared & Packaged Soups,7.98,$7.98,58.1 ¢/oz
"Lipton Soup Secrets Extra Noodle Soup Mix with Real Chicken Flavor Broth, 4.9 Oz, 2 Pack",Prepared & Packaged Soups,1.97,$1.97,40.2 ¢/oz
(6 pack) Top Ramen Hot Pot Fusions Thai Curry Chicken,Prepared & Packaged Soups,11.82,$11.82,41.0 ¢/oz
"Lipton Secrets Chicken Noodle Soup Mix, 4.2 oz, 2 Pouch Box Regular",Prepared & Packaged Soups,1.97,$1.97,46.9 ¢/oz
"(6 pack) Green Giant Veggie Ramen, Beef Flavored, 7.5 oz Box (Frozen)",Prepared & Packaged Soups,15.48,$15.48,34.4 ¢/oz
(6 pack) Top Ramen Hot Pot Fusions Korean Spicy Beef,Prepared & Packaged Soups,11.82,$11.82,41.0 ¢/oz
Snaodragon Chicken Pho 4-Pack,Packaged Meals,6.98,$6.98,83.1 ¢/oz
"(8 pack) Lipton Soup Secrets Extra Noodle Soup Mix with Real Chicken Flavor Broth, 4.9 Oz, 2 Pack",Prepared & Packaged Soups,15.76,$15.76,40.2 ¢/oz
"Lipton Cup-a-Soup Chicken Noodle, 1.8 oz, 4 Pack",Prepared & Packaged Soups,2.17,$2.17,$1.21/oz
"Panera Bread Ready-to-Heat Chicken Noodle Soup, 16 oz Soup Cup (Refrigerated)",Prepared & Packaged Soups,4.98,$4.98,31.1 ¢/oz
"Campbells Spicy Chicken Noodle Soup, 15.4 oz Microwavable Bowl",Prepared & Packaged Soups,2.27,$2.27,14.7 ¢/oz
"Campbell's Condensed Kids Double Noodle Soup, 10.5 oz Can",Prepared & Packaged Soups,1.92,$1.92,18.3 ¢/oz
"Knorr Sopa Tomato Based Pasta Soup Mix, 3.5 oz Pouch",Prepared & Packaged Soups,1.28,$1.28,36.6 ¢/oz
"Progresso Rich and Hearty Chicken and Homestyle Noodles Canned Soup, 19 oz",Prepared & Packaged Soups,2.08,$2.08,10.9 ¢/oz
"Progresso Traditional Chicken Noodle Canned Soup, 19 oz",Prepared & Packaged Soups,0.78,$0.78,4.1 ¢/oz
"Progresso Light Chicken Noodle Soup, Ready to Serve Canned Soup, 18.5 oz",Prepared & Packaged Soups,0.78,$0.78,4.2 ¢/oz
"(4 pack) Progresso Light Chicken Noodle Soup, Ready to Serve Canned Soup, 18.5 oz",Prepared & Packaged Soups,7.92,$7.92,10.7 ¢/oz
"Progresso Creamy Chicken and Homestyle Noodles Soup, Rich and Hearty Canned Soup, 18.5 oz",Prepared & Packaged Soups,2.08,$2.08,11.2 ¢/oz
"(3 pack) Progresso Creamy Chicken and Homestyle Noodles Soup, Rich and Hearty Canned Soup, 18.5 oz",Prepared & Packaged Soups,6.24,$6.24,11.2 ¢/oz
"(4 pack) Progresso Traditional Chicken Noodle Canned Soup, 19 oz",Prepared & Packaged Soups,3.12,$3.12,4.1 ¢/oz
"(2 pack) Rao's Made for Home Chicken Noodle Soup, Quick Ready to Eat Chicken Soup, No Preservatives, 16 oz",Prepared & Packaged Soups,8.74,$8.74,27.3 ¢/oz
"Progresso Rigati Pasta and Meatball Soup, Rich and Hearty Canned Soup, 18.5 oz",Prepared & Packaged Soups,2.08,$2.08,11.2 ¢/oz
"Progresso Light, Creamy Chicken Noodle Canned Soup, 18.5 oz",Prepared & Packaged Soups,2.08,$2.08,11.2 ¢/oz
"Progresso Mediterranean-Style Lentil Protein Soup, Vegetarian, 19 oz",Prepared & Packaged Soups,2.5,$2.50,13.2 ¢/oz
"Progresso Light, Savory Vegetable Barley Canned Soup, 18.5 oz",Prepared & Packaged Soups,2.08,$2.08,11.2 ¢/oz
"Progresso Light, Chicken Pot Pie Style Canned Soup, 18.5 oz",Prepared & Packaged Soups,2.08,$2.08,11.2 ¢/oz
Knorr Sopa Soup Mix Tomato Soup with Alphabet Pasta Made with Real Vegetables and Spices 3.5 oz,Prepared & Packaged Soups,1.28,$1.28,36.6 ¢/oz
"Progresso Traditional, Chicken and Herb Dumplings Canned Soup, 18.5 oz",Prepared & Packaged Soups,2.08,$2.08,11.2 ¢/oz
"(2 pack) Progresso Rigati Pasta and Meatball Soup, Rich and Hearty Canned Soup, 18.5 oz",Prepared & Packaged Soups,4.16,$4.16,11.2 ¢/oz
"Progresso Traditional Chicken and Wild Rice Soup, Gluten Free, 19 oz",Prepared & Packaged Soups,1.98,$1.98,10.4 ¢/oz
"(2 pack) Progresso Lentil Soup, Vegetable Classics Canned Soup, Gluten Free, 19 oz",Prepared & Packaged Soups,4.16,$4.16,10.9 ¢/oz
"Progresso Light, Italian-Style Wedding Canned Soup, 18.5 oz",Prepared & Packaged Soups,2.08,$2.08,11.2 ¢/oz
"Progresso Traditional, Creamy Tomato with Penne Canned Soup, 18.5 oz",Prepared & Packaged Soups,2.08,$2.08,11.2 ¢/oz
"Progresso Lentil Soup, Vegetable Classics Canned Soup, Gluten Free, 19 oz",Prepared & Packaged Soups,2.08,$2.08,10.9 ¢/oz
"(2 pack) Progresso Reduced Sodium, Creamy Tomato with Basil Soup, Gluten Free, 19 oz",Prepared & Packaged Soups,5,$5.00,13.2 ¢/oz
"(2 pack) Progresso Mediterranean-Style Lentil Protein Soup, Vegetarian, 19 oz",Prepared & Packaged Soups,5,$5.00,13.2 ¢/oz
"(4 pack) Progresso Traditional Chicken and Sausage Gumbo Canned Soup, Gluten Free, 19 oz",Prepared & Packaged Soups,7.92,$7.92,10.4 ¢/oz
"Progresso Traditional Chicken and Sausage Gumbo Canned Soup, Gluten Free, 19 oz",Prepared & Packaged Soups,1.98,$1.98,10.4 ¢/oz
"Progresso Rich and Hearty, Italian Sausage and Potato Canned Soup, Gluten Free, 18.5 oz",Prepared & Packaged Soups,2.08,$2.08,11.2 ¢/oz
"Progresso Loaded Potato with Bacon and Cheese Soup, Rich and Hearty Canned Soup, 18.5 oz",Prepared & Packaged Soups,2.08,$2.08,11.2 ¢/oz
"Progresso Reduced Sodium, Creamy Tomato with Basil Soup, Gluten Free, 19 oz",Prepared & Packaged Soups,2.5,$2.50,13.2 ¢/oz
"(3 pack) Progresso Rich and Hearty, Italian Sausage and Potato Canned Soup, Gluten Free, 18.5 oz",Prepared & Packaged Soups,6.24,$6.24,11.2 ¢/oz
"Knorr No Artificial Flavors Spanish Parboiled Rice Cooks in 7 Minutes, 5.6 oz Regular Pouch",Rice,1.24,$1.24,22.1 ¢/oz
"Golden Star Brown Jasmine Rice, 2 lbs",Rice,3.17,$3.17,9.9 ¢/oz
"Ben's Original Ready Rice Jasmine Rice, Easy Dinner Side, 8.5 Ounce Pouch",Rice,2.08,$2.08,24.5 ¢/oz
"Knorr Rice Sides No Artificial Flavors Chicken Instant Rice, Cooks in 7 Minutes, 5.6 oz",Rice,1,$1.00,17.9 ¢/oz
"Great Value Basmati Rice, 5 lb",Rice,9.88,$9.88,12.4 ¢/oz
"(8 pack) Minute White Rice, Microwaveable Rice Cups, Gluten Free, 8.8 oz, 2 Count",Rice,16.64,$16.64,23.6 ¢/oz
"Knorr No Artificial Flavors Cheddar Broccoli Parboiled Instant Rice, 5.7 oz Regular Pouch",Rice,1,$1.00,17.5 ¢/oz
"Great Value Long Grain Rice 90 Second Pouch, 8.8 oz",Rice,1.32,$1.32,15.0 ¢/oz
"Bibigo Cooked Sticky White Rice, 22.21 oz 3 Pack",Rice,4.86,$4.86,21.9 ¢/oz
"Success Boil-in-Bag Rice, Aromatic Jasmine Rice, Gluten Free, Non-GMO Certified, 14 oz, 4 Bags",Rice,2.48,$2.48,17.7 ¢/oz
"Mahatma Ready-to-Heat White Jasmine Rice, 8.8 oz Bag",Rice,1.68,$1.68,19.1 ¢/oz
"Mahatma Sticky Rice, Gluten Free, 2 lb",Rice,3.58,$3.58,11.2 ¢/oz
"Great Value Brown Rice Instant, 14 oz",Rice,1.66,$1.66,11.9 ¢/oz
"Mahatma Authentic Saffron Yellow Rice, Seasoned Rice with Spices, 5 oz Bag",Rice,0.98,$0.98,19.6 ¢/oz
"Ben's Original Ready Rice Jasmine Family Size Rice, Easy Dinner Side, 17.3 oz Pouch",Rice,3.98,$3.98,23.0 ¢/oz
"Golden Star Thai Hom Mali Jasmine Rice, 10 lbs",Rice,14.57,$14.57,9.1 ¢/oz
"Lundberg Organic Jasmine Rice - Regenerative Organic Certified, 2lb Resealable Bag",Rice,7.84,$7.84,24.5 ¢/oz
"Golden Star Prime Grade Thai Hom Mali Jasmine Rice, 2 lb",Rice,3.63,$3.63,11.3 ¢/oz
"Minute Ready-to-Serve Cilantro and Lime Jasmine Rice, 8.8 oz, 2 Cups",Rice,2.08,$2.08,29.7 ¢/oz
"BEN'S ORIGINAL Ready Rice Creamy Four Cheese Flavored Rice, Easy Dinner Side, 8.5 oz Pouch",Rice,2.18,$2.18,25.6 ¢/oz
"Great Value Long Grain Parboiled Enriched Rice, 32 oz",Rice,1.73,$1.73,5.4 ¢/oz
"Vigo Yellow Rice, 10 oz Bag",Rice,1.44,$1.44,14.4 ¢/oz
"Mahatma Organic White Rice, Gluten Free Long Grain Rice, 2 lb Bag",Rice,4.18,$4.18,13.1 ¢/oz
"Authentic Royal Naturally Aged Indian White Basmati Rice, Long-Grain, Gluten-Free - 2 lbs",Rice,4.84,$4.84,15.1 ¢/oz
"Minute Brown and Wild Rice, Microwaveable Rice Cups, 4.4 oz, 2 Cups",Rice,2.08,$2.08,23.6 ¢/oz
"BEN'S ORIGINAL Ready Rice Coconut Jasmine Flavored Rice, Easy Dinner Side, 8.5 Ounce Pouch",Rice,2.18,$2.18,25.6 ¢/oz
"Great Value Brown Rice 90 Second Pouch, 8.8 oz",Rice,1.32,$1.32,15.0 ¢/oz
"Minute Instant Brown Rice, 100% Whole Grain Rice, Gluten Free, 28 oz",Rice,4.28,$4.28,15.3 ¢/oz
"Ben's Original Ready Rice Basmati Rice, Easy Side Dish, 8.5 Ounce Pouch",Rice,2.18,$2.18,25.6 ¢/oz
"Ben's Original Ready Rice, Cilantro Lime Flavored, Easy Dinner Side, 8.5 Ounce Pouch",Packaged Meals,2.18,$2.18,25.6 ¢/oz
"Mahatma Enriched White Rice, Extra Long Grain Rice, Gluten Free, 1 lb Bag",Rice,1.38,$1.38,8.6 ¢/oz
"Great Value Long Grain & Wild Rice, 8.8 oz",Rice,1.32,$1.32,15.0 ¢/oz
"BEN'S ORIGINAL Enriched Long Grain White Rice, Parboiled Rice, 5 LB Bag",Rice,8.16,$8.16,10.2 ¢/oz
"BEN'S ORIGINAL Converted Brand Enriched Long Grain White Rice, Parboiled Rice, 2 lb Box",Rice,4.36,$4.36,13.6 ¢/oz
"Mahatma Ready-to-Heat Cilantro Limon Jasmine Rice, Gluten Free, 8.8 oz Bag",Rice,1.68,$1.68,19.1 ¢/oz
"Great Value Cilantro & Lime Microwavable Rice, 90 Seconds, 8.5 oz Pouch",Rice,1.32,$1.32,15.5 ¢/oz
"Authentic Royal Naturally Aged Indian White Basmati Rice, Long-Grain, Gluten-free - 5 lbs",Rice,10.84,$10.84,13.6 ¢/oz
"Imperial Dragon Jasmine Rice, 20 lbs, Non-GMO",Rice,23.42,$23.42,7.3 ¢/oz
"bettergoods Organic Jasmine Rice, 20 oz, 2 Pouches (Frozen)",Rice,3.86,$3.86,19.3 ¢/oz
"BEN'S ORIGINAL Flavored Long Grain Rice & Wild Rice, Boxed Rice, 6 OZ Box",Rice,2.42,$2.42,40.3 ¢/oz
"Minute Ready to Serve Basmati Rice, Quick and Easy Cups, Gluten Free, 8.8 oz, 2 Ct",Rice,2.08,$2.08,23.6 ¢/oz
"Minute Restaurant-Style Sticky Rice, Microwaveable Rice Cups, No Preservatives, 4.4 oz, 2 Ct",Rice,2.08,$2.08,23.6 ¢/oz
"Mahatma Basmati Fragrant Rice, 5 Pound Bag",Rice,9.27,$9.27,11.6 ¢/oz
"Zatarain's Non-GMO Gluten Free Cilantro Lime Rice, 6.9 oz Box",Rice,1.64,$1.64,23.8 ¢/oz
"Minute Ready to Serve Yellow Rice, Naturally Flavored, 4.4 oz, 2 Cups",Rice,2.08,$2.08,23.6 ¢/oz
"Mahatma Jasmine Brown Rice, Thai Fragrant Whole Grain Rice, 2 lb Bag",Rice,3.22,$3.22,10.1 ¢/oz
"Mahatma Jasmine White Rice, Thai Fragrant Long Grain Rice, 20 lb Bag",Rice,22.78,$22.78,7.1 ¢/oz
Ben's Original Ready Rice Basmati Family Size 17.3 Oz Microwave Pouch,Rice,3.98,$3.98,23.0 ¢/oz
"Ben's Original Butter and Garlic Flavored Ready Rice, Easy Dinner Side, 8.8 Ounce Pouch",Packaged Meals,2.18,$2.18,24.8 ¢/oz
"Great Value Natural Brown Long Grain Rice, 5lb (80oz)",Rice,3.98,$3.98,5.0 ¢/oz
"Great Value Chicken Flavored Rice 90 Second Pouch, 8.8 oz",Rice,1.32,$1.32,15.0 ¢/oz
Kaneyama Sushi Rice 1lb,Rice,4.14,$4.14,25.9 ¢/oz
"Knorr No Artificial Flavors Creamy Taco Rice Sides Cooks in 7 Minutes, 5.4 oz Regular Pouch",Rice,1.24,$1.24,23.0 ¢/oz
"Lundberg Sustainable Wild Blend Rice - Gluten Free, Vegan, 1lb Resealable Bag",Rice,5.54,$5.54,34.6 ¢/oz
"Knorr No Artificial Flavors Cilantro Lime Rice Sides, 5.5 oz Regular Pouch",Rice,1.24,$1.24,22.5 ¢/oz
"Great Value Ready to Heat Jasmine Rice Cups, 8.8 oz, 2 Count",Rice,1.94,$1.94,22.0 ¢/oz
"Mahatma Yellow Rice, Ready to Heat 90 Seconds, Gluten Free, Microwaveable Rice, 8.8 oz",Rice,1.68,$1.68,19.1 ¢/oz
"Ben's Original Ready Rice Fried Rice, With Peas and Carrots, 8.5 oz Pouch",Packaged Meals,2.18,$2.18,25.6 ¢/oz
"Golden Star Ready-to-Heat Organic Thai Hom Mali Jasmine Rice, 8.5 oz",Rice,1.88,$1.88,22.1 ¢/oz
"RiceSelect Arborio Rice, Italian-Style Rice for Risotto, 2 lb Jar",Rice,8,$8.00,25.0 ¢/oz
"Mahatma Gluten Free Whole Grain Brown Rice, 32 Oz Bag",Rice,2.58,$2.58,8.1 ¢/oz
Ben's Original Ready Rice Spicy Mexican,Rice,2.18,$2.18,25.6 ¢/oz
"VEETEE, Gluten Free, Sticky Rice, 10.6 oz, Tray,  NO Artificial Flavors, Color and Preservatives",Rice,2.68,$2.68,25.3 ¢/oz
Mahatma Organic 100% Whole Grain Brown Rice 2 lb Bag,Rice,4.18,$4.18,13.1 ¢/oz
"Zatarain's Non-GMO Spanish Rice, 6.9 oz Box",Rice,1.64,$1.64,23.8 ¢/oz
"Great Value Basmati Rice, 20 lb",Rice,21.84,$21.84,6.8 ¢/oz
"BEN'S ORIGINAL Ready Rice Original Long Grain White Rice, Easy Dinner Side, 8.8 Ounce Pouch",Packaged Side Dishes,2.18,$2.18,24.8 ¢/oz
"Knorr No Artificial Flavors Creamy Chicken Parboiled Rice Cooks in 7 Minutes, 5.7 oz Regular Pouch",Rice,1.24,$1.24,21.8 ¢/oz
"Lundberg Organic Basmati Rice - Regenerative Organic Certified, 2lb Resealable Bag",Rice,7.84,$7.84,24.5 ¢/oz
"Ben's Original Flavored Ready Rice, Spanish Style, with Tomatoes, Peppers, Herbs and Spices, Family Size, 17.3 oz, Shelf-Stable",Packaged Meals,3.98,$3.98,23.0 ¢/oz
"(3 pack) Bibigo Cooked Sticky White Rice, 22.21 oz 3 Pack",Rice,14.58,$14.58,21.9 ¢/oz
"Zatarain's No Artificial Flavors Dirty Rice Dinner Mix, 8.0 oz Box",Rice,1.78,$1.78,22.3 ¢/oz
"Minute Ready-to-Serve Jalapeno Rice, Microwaveable Rice Cups, 8.8 oz, 2 Ct",Rice,1.96,$1.96,22.3 ¢/oz
"Ben's Original Ready Rice, Red Beans & Rice, 8.5 oz. pouch",Packaged Meals,2.18,$2.18,25.6 ¢/oz
"RiceSelect Royal Blend Rice, Texmati Rice Blend, 21 oz Jar",Rice,7.33,$7.33,34.9 ¢/oz
"Minute Ready to Serve Gluten Free Chicken Flavored Rice, 4.4 oz, 2 Cups",Packaged Meals,2.08,$2.08,23.6 ¢/oz
"Zatarain's No Artificial Flavors Gluten Free Family Size Dirty Rice Mix, 12.0 oz Box",Rice,2.64,$2.64,22.0 ¢/oz
"(3 pack) Great Value Long Grain Enriched Rice, 20 lb",Rice,33.42,$33.42,3.5 ¢/oz
"Minute Brown Rice and Quinoa, Gluten Free Microwaveable Rice and Quinoa Cups, 4.4 oz, 2 Ct",Rice,2.08,$2.08,23.6 ¢/oz
"BEN'S ORIGINAL READY RICE, Roasted Chicken, 8.8 oz. pouch",Packaged Meals,2.18,$2.18,24.8 ¢/oz
"Hinode Calrose White Medium Grain Rice, 20 lb Bag  Gluten-Free Bulk Pantry Staple",Rice,23.82,$23.82,7.4 ¢/oz
"Great Value Ready to Heat Long Grain White Rice Cups, 8.8 oz, 2 Count",Rice,1.94,$1.94,22.0 ¢/oz
"Imperial Dragon Thai Hom Mali Jasmine Rice, 5 lb, non-GMO",Rice,9.26,$9.26,11.6 ¢/oz
"(6 pack) Knorr Rice Sides No Artificial Flavors Chicken Instant Rice, Cooks in 7 Minutes, 5.6 oz",Packaged Meals,7.44,$7.44,22.1 ¢/oz
"Great Value Butter and Garlic Microwavable Rice, Ready to Eat, 8.8 oz Pouch",Packaged Meals,1.32,$1.32,15.0 ¢/oz
"Ben's Original Ready Flavored Rice Pilaf, Easy Dinner Side, 8.8 Ounce Pouch",Packaged Side Dishes,2.18,$2.18,24.8 ¢/oz
"BEN'S ORIGINAL Jasmine Rice Single Serve Cup, Snack or Side, Microwave in 3.5 Minutes, 2.4 oz",Rice,1.73,$1.73,78.6 ¢/oz
Ben's Original Ready Rice Coconut Jasmine Family Size 17.3 Ounces,Rice,3.98,$3.98,23.0 ¢/oz
"(2 pack) Mahatma Jasmine Thai Fragrant Long Grain Rice, Gluten Free, 80 oz (5 lbs) 2.27kg",Rice,13.76,$13.76,8.6 ¢/oz
"Zatarain's No Artificial Flavors Gluten Free Reduced Sodium Jambalaya Rice Dinner Mix, 12.0 oz Box",Packaged Meals,2.64,$2.64,22.0 ¢/oz
"Minute RTS Butter & Sea Salt, Gluten Free, 8.8 oz, 2 Cups",Rice,1.96,$1.96,49.0 ¢/oz
"El Mexicano Long Grain Rice, 4 lb Bag",Rice,5,$5.00,7.8 ¢/oz
Iberia Long Grain Brown Rice 5 lb,Rice,6.86,$6.86,8.6 ¢/oz
"Knorr No Artificial Flavors Cajun Chicken Flavor Rice Sides, 5.8 oz Regular Pouch",Packaged Meals,1.24,$1.24,21.4 ¢/oz
"Zatarain's Non-GMO Gluten Free Jambalaya Rice Mix, 8.0 oz Box",Rice,1.78,$1.78,22.3 ¢/oz
"Veetee- Thai Jasmine Rice - 10.6oz Microwave Ready, Natural, No Artificial Ingredients, Gluten-Free",Packaged Side Dishes,2.68,$2.68,25.3 ¢/oz
"Zatarain's Creamy Blackened Chicken Rice Mix, 8.0 oz",Rice,1.78,$1.78,22.3 ¢/oz
(2 pack) Kaneyama Sushi Rice 1lb,Rice,8.28,$8.28,25.9 ¢/oz
"Zatarain's No Artificial Flavors Gluten Free Family Size Jambalaya Rice Dinner Mix, 12.0 oz Box",Packaged Meals,2.64,$2.64,22.0 ¢/oz
"Birds Eye Steamfresh Seasoned Chicken Flavored Rice, Frozen Side, 10 oz. Bag",Packaged Side Dishes,2.48,$2.48,24.8 ¢/oz
"Golden Star Organic Jasmine Brown Rice, Ready to Heat Microwaveable Pouch, 8.5 oz",Rice,1.88,$1.88,22.1 ¢/oz
"Near East Rice Pilaf Mix, Original, 6.09 oz Box",Packaged Side Dishes,2.74,$2.74,44.9 ¢/oz
"(8 pack) Minute Ready-to-Serve Jasmine Rice, Microwaveable Rice Cups, 4.4 oz, 2 Ct",Rice,16.64,$16.64,23.6 ¢/oz
"Authentic Royal Basmati White Rice, 10 lbs",Rice,15.98,$15.98,10.0 ¢/oz
Rice A Roni Rice Vermicelli Beef Broth And Carrots Beef Flavor 6.8 oz.,Packaged Meals,1.38,$1.38,20.3 ¢/oz
Knorr Rice Sides Value Size Cheddar Broccoli Rice For a Tasty Rice Side Dish No Artificial Flavors or Preservatives 11.6 oz,Rice,1.97,$1.97,17.0 ¢/oz
"Seeds Of Change Certified Organic Spanish Style Rice, 8.5 Ounce Pouch",Packaged Side Dishes,2.78,$2.78,32.7 ¢/oz
"BEN'S ORIGINAL Spanish Style Rice Single Serve Cup, Snack or Side, Microwave in 3.5 Minutes, 2.4 oz",Packaged Meals,1.73,$1.73,72.1 ¢/oz
"(2 pack) Mahatma Enriched White Rice, Extra Long Grain Rice, Gluten Free, 5 lb Bag",Rice,9.96,$9.96,6.2 ¢/oz
"Chicken Helper Chicken Fried Rice Made with Real Vegetables, 7 Ounces Box",Packaged Meals,1.84,$1.84,26.3 ¢/oz
"BEN'S ORIGINAL Roasted Chicken Flavored Rice Single Serve Cup, Snack or Side, Microwave in 3.5 Minutes, 2.4 oz",Packaged Meals,1.73,$1.73,72.1 ¢/oz
"(4 pack) Great Value Enriched Parboiled Long Grain Rice, 80 oz",Rice,14.08,$14.08,4.4 ¢/oz
"(2 pack) Golden Star Thai Hom Mali Jasmine Rice, 5 lbs",Rice,15.68,$15.68,9.8 ¢/oz
Mama Julia Refrigerated Gluten-Free Traditional Spanish Rice Heat & Eat 15 oz - Packaged Side Dishes,Packaged Meals,2.94,$2.94,19.6 ¢/oz
"Rice-A-Roni, Cheddar Broccoli Rice, 2.11 oz Cup, Quick Cook Microwave Cup",Packaged Side Dishes,1.54,$1.54,73.3 ¢/oz
Seeds of Change Organic Quinoa & Brown Rice with Garlic 8.5 Ounces,Rice,2.78,$2.78,32.7 ¢/oz
"Rice-A-Roni Chicken & Garlic Rice & Vermicelli Mix, 5.9 oz",Packaged Meals,1.38,$1.38,23.4 ¢/oz
"Alessi Risotto with Cheese and Broccolini Rice, 6.5 oz",Rice,2.87,$2.87,44.2 ¢/oz
"bettergoods Cilantro Lime Rice with Roasted Vegetables, 20 oz (Frozen)",Packaged Side Dishes,3.86,$3.86,19.3 ¢/oz
"Near East Rice Pilaf, Garlic and Herb, 6.3 oz",Packaged Meals,2.74,$2.74,43.5 ¢/oz
"SEEDS OF CHANGE Organic Quinoa, Brown & Red Rice, 8.5oz",Rice,2.78,$2.78,32.7 ¢/oz
"(6 pack) Great Value Jasmine Rice, 20 lb",Rice,134.52,$134.52,7.0 ¢/oz
"(4 pack) Success Boil-in-Bag Rice, Precooked Long Grain White Rice, Gluten Free, 32 oz, 6 Count",Rice,17.92,$17.92,14.0 ¢/oz
"(4 pack) Blue Ribbon White Rice, Extra Long Grain Enriched Rice, Gluten Free, 5 lb Bag",Rice,16.72,$16.72,5.2 ¢/oz
"(4 pack) Great Value Brown Rice 90 Second Pouch, 8.8 oz",Rice,5.28,$5.28,15.0 ¢/oz
"(2 pack) Mahatma Sticky Rice, Gluten Free, 2 lb",Rice,7.16,$7.16,11.2 ¢/oz
"Hamburger Helper Cheesy Enchilada Rice, 7.5 oz Box",Packaged Meals,1.84,$1.84,24.5 ¢/oz
"(2 pack) Minute Ready to Serve Basmati Rice, Quick and Easy Cups, Gluten Free, 8.8 oz, 2 Ct",Rice,4.16,$4.16,23.6 ¢/oz
"Great Value Ready to Heat Whole Grain Brown Rice Cups, 8.8 oz, 2 Count",Rice,1.94,$1.94,22.0 ¢/oz
"Zatarain's No Artificial Flavors Red Beans & Rice Dinner Mix, 8.0 oz Box",Rice,1.78,$1.78,22.3 ¢/oz
"(2 pack) Golden Star Ready-to-Heat Organic Thai Hom Mali Jasmine Rice, 8.5 oz",Rice,3.76,$3.76,22.1 ¢/oz
"(4 pack) Golden Star Thai Hom Mali Jasmine Rice, 5 lbs",Rice,31.36,$31.36,9.8 ¢/oz
"(2 pack) VEETEE, Gluten Free, Sticky Rice, 10.6 oz, Tray,  NO Artificial Flavors, Color and Preservatives",Rice,5.36,$5.36,25.3 ¢/oz
"(9 pack) Great Value Jasmine Rice 90 Second Pouch, 8.8 oz",Rice,11.88,$11.88,15.0 ¢/oz
Ben's Original Street Food Fried Rice with Vegetables. 9 Ounces Per Tray. Fully Cooked. Heat and Eat In Just 90 Seconds!,Packaged Meals,3.83,$3.83,42.6 ¢/oz
(2 pack) Ben's Original Ready Rice Spicy Mexican,Packaged Meals,4.36,$4.36,25.6 ¢/oz
"(2 pack) Mahatma Yellow Rice, Ready to Heat 90 Seconds, Gluten Free, Microwaveable Rice, 8.8 oz",Rice,3.36,$3.36,19.1 ¢/oz
"Rice-A-Roni Lower Sodium Rice & Vermicelli Mix, Chicken, 6.9 oz Cardboard Box, Packaged Meals",Packaged Meals,1.38,$1.38,20.0 ¢/oz
"InnovAsian Chinese-Style BBQ Pork Fried Rice, 16 oz (Frozen)",Packaged Meals,7,$7.00,43.8 ¢/oz
"(8 pack) Great Value Natural Brown Long Grain Rice, 32 oz",Rice,13.12,$13.12,5.1 ¢/oz
"(4 pack) Great Value Spanish Style Rice, 8.8 oz",Rice,5.28,$5.28,15.0 ¢/oz
"(3 pack) Veetee- Thai Jasmine Rice - 10.6oz Microwave Ready, Natural, No Artificial Ingredients, Gluten-Free",Packaged Meals,8.04,$8.04,25.3 ¢/oz
"(4 pack) Minute Ready-to-Serve Cilantro and Lime Jasmine Rice, 8.8 oz, 2 Cups",Rice,8.32,$8.32,29.7 ¢/oz
MEXICAN WHITE RICE WITH CORN 8.8oz,Rice,2.82,$2.82,32.0 ¢/oz
MEXICAN RICE WITH TOMATO 8.8 oz,Packaged Meals,2.82,$2.82,32.0 ¢/oz
"Alessi Risotto Con Funghi Porcini, 8 oz Bag, Allergens Not Contained",Rice,2.87,$2.87,35.9 ¢/oz
"(8 pack) Minute Ready to Serve Gluten Free Chicken Flavored Rice, 4.4 oz, 2 Cups",Packaged Meals,16.64,$16.64,23.6 ¢/oz
"(8 pack) Minute Brown Rice, Microwaveable Rice Cups, 4.4 oz, 2 Count",Rice,16.64,$16.64,23.6 ¢/oz
"Birds Eye Steamfresh Long Grain White Rice with Mixed Vegetables, Frozen Side, 10 oz. Bag",Rice,1.33,$1.33,13.3 ¢/oz
"(2 pack) Golden Star Organic Jasmine Brown Rice, Ready to Heat Microwaveable Pouch, 8.5 oz",Rice,3.76,$3.76,22.1 ¢/oz
"(6 pack) Ben's Original Ready Rice Jasmine Rice, Easy Dinner Side, 8.5 Ounce Pouch",Rice,12.48,$12.48,24.5 ¢/oz
"(3 pack) Mahatma Organic White Rice, Gluten Free Long Grain Rice, 2 lb Bag",Rice,12.54,$12.54,13.1 ¢/oz
Knorr Rice Sides Chicken Value Size Tasty Rice Side Dish No Artificial Flavors or Preservatives 11.5 oz,Rice,1.97,$1.97,17.1 ¢/oz
"(4 pack) Minute Ready to Serve Yellow Rice, Naturally Flavored, 4.4 oz, 2 Cups",Rice,8.32,$8.32,23.6 ¢/oz
"(4 pack) Ben's Original Ready Rice Jasmine Family Size Rice, Easy Dinner Side, 17.3 oz Pouch",Rice,15.92,$15.92,23.0 ¢/oz
"(3 pack) Mahatma Ready-to-Heat Cilantro Limon Jasmine Rice, Gluten Free, 8.8 oz Bag",Packaged Side Dishes,5.04,$5.04,19.1 ¢/oz
"(2 pack) El Mexicano Long Grain Rice, 4 lb Bag",Rice,10,$10.00,7.8 ¢/oz
(2 pack) Royal Cilantro Lime Basmati Rice - Ready to Heat Basmati Rice - 8.5 oz Microwaveable Pouch,Rice,3.34,$3.34,19.6 ¢/oz
"(8 pack) Great Value Brown Rice Instant, 14 oz",Rice,13.28,$13.28,11.9 ¢/oz
"(4 pack) Great Value Long Grain & Wild Rice, 8.8 oz",Rice,5.28,$5.28,15.0 ¢/oz
"(2 pack) Alessi Risotto Con Funghi Porcini, 8 oz Bag, Allergens Not Contained",Rice,5.74,$5.74,35.9 ¢/oz
"(8 pack) Knorr No Artificial Flavors Creamy Taco Rice Sides Cooks in 7 Minutes, 5.4 oz Regular Pouch",Rice,9.92,$9.92,23.0 ¢/oz
"(3 pack) Golden Star Thai Hom Mali Jasmine Rice, 5 lbs",Rice,23.52,$23.52,9.8 ¢/oz
"(4 pack) SEEDS OF CHANGE Organic Quinoa, Brown & Red Rice, 8.5oz",Rice,11.12,$11.12,32.7 ¢/oz
"Green Giant Restaurant Style Broccoli Rice Pilaf with Garlic Parmesan, 12 oz Bag (Frozen Vegetables)",Packaged Side Dishes,3.12,$3.12,26.0 ¢/oz
"(4 pack) Great Value Natural Brown Long Grain Rice, 5lb (80oz)",Rice,15.92,$15.92,5.0 ¢/oz
"(4 pack) Great Value Chicken Flavored Rice 90 Second Pouch, 8.8 oz",Packaged Meals,5.28,$5.28,15.0 ¢/oz
"Green Giant Simply Steam Cheesy Rice & Broccoli, 10 oz Bag (Frozen Vegetables)",Packaged Side Dishes,1.96,$1.96,19.6 ¢/oz
"(6 pack) Ben's Original Ready Rice Spanish Style Flavored Rice, Easy Dinner Side, 8.8 Ounce Pouch",Rice,13.08,$13.08,24.8 ¢/oz
"(2 pack) Seeds Of Change Certified Organic Spanish Style Rice, 8.5 Ounce Pouch",Rice,5.56,$5.56,32.7 ¢/oz
"(6 pack) BEN'S ORIGINAL Ready Rice Original Long Grain White Rice, Easy Dinner Side, 8.8 Ounce Pouch",Rice,13.08,$13.08,24.8 ¢/oz
(3 pack) Mahatma Organic 100% Whole Grain Brown Rice 2 lb Bag,Rice,12.54,$12.54,13.1 ¢/oz
"(4 pack) Great Value Basmati Rice, 20 lb",Rice,87.36,$87.36,6.8 ¢/oz
"(9 pack) Great Value Long Grain Rice 90 Second Pouch, 8.8 oz",Rice,11.88,$11.88,15.0 ¢/oz
"(8 pack) Minute Brown and Wild Rice, Microwaveable Rice Cups, 4.4 oz, 2 Cups",Rice,12.64,$12.64,18.0 ¢/oz
"(6 pack) Knorr No Artificial Flavors Spanish Parboiled Rice Cooks in 7 Minutes, 5.6 oz Regular Pouch",Packaged Side Dishes,7.44,$7.44,22.1 ¢/oz
"Zatarain's No Artificial Flavors Family Size Red Beans & Rice, 12.0 oz Box",Packaged Side Dishes,2.64,$2.64,22.0 ¢/oz
"(3 pack) Lundberg Organic Jasmine Rice - Regenerative Organic Certified, 2lb Resealable Bag",Rice,23.52,$23.52,24.5 ¢/oz
"(3 pack) Botan Musenmai White Calrose Rice, 20 Lb",Rice,80.91,$80.91,8.4 ¢/oz
"(8 pack) Zatarain's Non-GMO Gluten Free Jambalaya Rice Mix, 8.0 oz Box",Rice,14.24,$14.24,22.3 ¢/oz
"(2 pack) Ben's Original Flavored Ready Rice, Spanish Style, with Tomatoes, Peppers, Herbs and Spices, Family Size, 17.3 oz, Shelf-Stable",Rice,7.96,$7.96,23.0 ¢/oz
(2 pack) Royal Mexican Rice and Street Corn - Ready-to-Heat Basmati Rice - 8.5 oz Microwavable Pouch.,Rice,3.34,$3.34,19.6 ¢/oz
"(4 pack) Minute Ready-to-Serve Jalapeno Rice, Microwaveable Rice Cups, 8.8 oz, 2 Ct",Rice,7.84,$7.84,22.3 ¢/oz
"(6 pack) BEN'S ORIGINAL READY RICE, Roasted Chicken, 8.8 oz. pouch",Packaged Meals,13.08,$13.08,24.8 ¢/oz
"(8 pack) BEN'S ORIGINAL Spanish Style Rice Single Serve Cup, Snack or Side, Microwave in 3.5 Minutes, 2.4 oz",Packaged Meals,13.84,$13.84,72.1 ¢/oz
"(2 pack) Minute Brown Rice and Quinoa, Gluten Free Microwaveable Rice and Quinoa Cups, 4.4 oz, 2 Ct",Rice,4.16,$4.16,23.6 ¢/oz
"(8 pack) Vigo Yellow Rice, 10 oz Bag",Packaged Side Dishes,11.52,$11.52,14.4 ¢/oz
"(8 pack) Great Value Long Grain Parboiled Enriched Rice, 32 oz",Rice,13.84,$13.84,5.4 ¢/oz
(2 pack) Iberia Long Grain Brown Rice 5 lb,Rice,13.72,$13.72,8.6 ¢/oz
(6 pack) Ben's Original Street Food Fried Rice with Vegetables. 9 Ounces Per Tray. Fully Cooked. Heat and Eat In Just 90 Seconds!,Packaged Meals,22.98,$22.98,42.6 ¢/oz
"(3 pack) BEN'S ORIGINAL Enriched Long Grain White Rice, Parboiled Rice, 5 LB Bag",Rice,24.48,$24.48,10.2 ¢/oz
"(3 pack) Hinode Calrose White Medium Grain Rice, 20 lb Bag  Gluten-Free Bulk Pantry Staple",Rice,71.46,$71.46,7.4 ¢/oz
(2 pack) Ben's Original Ready Rice Basmati Family Size 17.3 Oz Microwave Pouch,Rice,7.96,$7.96,23.0 ¢/oz
"bettergoods Mushroom Asiago Risotto, 16 oz (Frozen)",Packaged Side Dishes,4.98,$4.98,31.1 ¢/oz
"(8 pack) BEN'S ORIGINAL Roasted Chicken Flavored Rice Single Serve Cup, Snack or Side, Microwave in 3.5 Minutes, 2.4 oz",Packaged Meals,13.84,$13.84,72.1 ¢/oz
"(6 pack) Mahatma Gluten Free Whole Grain Brown Rice, 32 Oz Bag",Rice,15.48,$15.48,8.1 ¢/oz
"(8 pack) Chicken Helper Chicken Fried Rice Made with Real Vegetables, 7 Ounces Box",Packaged Meals,14.72,$14.72,26.3 ¢/oz
"(2 pack) Minute RTS Butter & Sea Salt, Gluten Free, 8.8 oz, 2 Cups",Packaged Meals,3.92,$3.92,49.0 ¢/oz
BEN'S ORIGINAL Street Food Teriyaki Rice w/ Chicken Microwaveable Bowl,Packaged Meals,3.83,$3.83,42.6 ¢/oz
"(8 pack) Hamburger Helper Cheesy Enchilada Rice, 7.5 oz Box",Packaged Meals,14.72,$14.72,24.5 ¢/oz
(6 pack) Ben's Original Street Food. Jamaican Jerk Style Red Beans & Rice with Chicken. 9 Ounces and Microwaves in 90 Seconds! Fully Cooked.,Packaged Meals,22.98,$22.98,42.6 ¢/oz
BEN'S ORIGINAL Street Food Honey BBQ Bean & Rice with Chicken Microwaveable Bowl,Packaged Meals,3.83,$3.83,42.6 ¢/oz
"Birds Eye Steamfresh Riced Cauliflower Spanish Style, Frozen Side, 10 oz. Bag",Packaged Side Dishes,2.73,$2.73,27.3 ¢/oz
"Zatarain's No Artificial Flavors Blackened Chicken Alfredo Frozen Dinner, 10.5 oz Box",Packaged Meals,3.87,$3.87,36.9 ¢/oz
Ben's Original Street Food Burrito Bowl 9 Ounces. Microwave in just 90 Seconds! Fully Cooked Just Heat and Eat!,Packaged Meals,3.83,$3.83,42.6 ¢/oz
"Kitchen Table Mediterranean Chicken with Brown Rice and Feta Microwave Ready Prepared Meal, 12.0 oz (Fresh)",Packaged Meals,4.92,$4.92,41.0 ¢/oz
Taylor Farms Teriyaki Stir Fry Kit,Packaged Meals,3.18,$3.18,25.4 ¢/oz
"Kitchen Table Southwest Chicken Bowl Microwave Ready Single Serve Meal, 12 oz, Fresh",Packaged Meals,4.92,$4.92,41.0 ¢/oz
"Zatarain's No Artificial Flavors Gumbo Mix, 7.0 oz Box",Packaged Meals,1.78,$1.78,25.4 ¢/oz
"Amy's Frozen Meals, Bean and Rice Burrito, Gluten Free Microwave Meals, 5.5 oz",Packaged Meals,3.92,$3.92,71.3 ¢/oz
"Quaker Quick Pearled Barley, 11 oz, Single Pack, Low Fat, Sodium Free",Packaged Meals,2.88,$2.88,26.2 ¢/oz
"KA-ME Udon Stir Fry Noodles, 7.1 oz, 2 Count",Noodles,3.78,$3.78,26.6 ¢/oz
"HORMEL COMPLEATS Chicken Burrito Bowl, Shelf-Stable, 9 oz Plastic Microwaveable Tray",Packaged Meals,2.52,$2.52,28.0 ¢/oz
"Birds Eye Asian Style Stir Fry Vegetables, Frozen Vegetables, 52.2 oz. Bag",Frozen Vegetables,6.92,$6.92,13.3 ¢/oz
"Amy's Frozen Meals, Bean and Rice Burrito, Microwave Meals, 6 oz",Packaged Meals,3.58,$3.58,59.7 ¢/oz
"Banquet Spaghetti and Meatballs, Frozen Meal, 10 oz.",Packaged Meals,1.87,$1.87,18.7 ¢/oz
"Healthy Choice Chicken With Rice Soup, Microwave Bowl, 14 oz.",Packaged Meals,2.48,$2.48,17.7 ¢/oz
"(3 pack) HORMEL COMPLEATS Chicken Burrito Bowl, Shelf-Stable, 9 oz Plastic Microwaveable Tray",Packaged Meals,7.56,$7.56,28.0 ¢/oz
"Taylor Farms Ginger Garlic Stir Fry Kit Packaged Meal, 14 oz",Packaged Meals,3.18,$3.18,22.7 ¢/oz
Tasty Bite Butter Chickpea & Vegetables,Packaged Meals,3.54,$3.54,35.4 ¢/oz
(6 pack) Ben's Original Street Food Burrito Bowl 9 Ounces. Microwave in just 90 Seconds! Fully Cooked Just Heat and Eat!,Packaged Meals,22.98,$22.98,42.6 ¢/oz
"Near East Couscous Mix Parmesan, 5.9 oz Box",Grains,2.74,$2.74,46.4 ¢/oz
"(3 pack) Annie's Gluten Free Rice Pasta and Cheddar, Made with Real Cheese, 6 oz",Packaged Meals,8.91,$8.91,49.5 ¢/oz
"(4 pack) Annie's Gluten Free Rice Pasta and Cheddar, Made with Real Cheese, 6 oz",Packaged Meals,11.88,$11.88,49.5 ¢/oz
"BEN'S ORIGINAL™ READY RICE™, Roasted Chicken, 8.8 oz. pouch",Packaged Meals,2.18,$2.18,24.8 ¢/oz
"Kevin's Natural Foods Korean BBQ-Style Chicken, Frozen, 9.5 oz Bowl",Packaged Meals,5.87,$5.87,61.8 ¢/oz
"Bear Creek Country Kitchens Darn Good Chili Soup Mix, Shelf-Stable, 8 Servings, 8.8 oz Bag",Packaged Meals,3.86,$3.86,43.9 ¢/oz
(6 pack) Tasty Bite Organic Madras Lentils 10oz - Savory lentil curry,Packaged Meals,24.72,$24.72,41.2 ¢/oz
"Great Value Organic White Quinoa, 32 oz",Grains,6.22,$6.22,19.4 ¢/oz
(4 pack) Tasty Bite Organic Madras Lentils 10oz - Savory lentil curry,Packaged Meals,16.48,$16.48,41.2 ¢/oz
(6 pack) Ben's Original Street Food Gumbo Chicken Andouille Sausage 9.0 oz. Fully cooked. Heat and eat in only 90 seconds!,Packaged Meals,20.88,$20.88,38.7 ¢/oz
"(3 pack) Maya Kaimal Organic Everyday Dal Red Lentil Butternut Squash Coconut, 10 Oz",Packaged Meals,12,$12.00,40.0 ¢/oz
"Amy's Frozen Meals, Gluten Free Cheddar Cheese Burrito, Microwave Meals, 5.5 oz",Packaged Meals,3.92,$3.92,71.3 ¢/oz
"Healthy Choice Caf Steamers Grilled Chicken Marinara With Parmesan, Frozen Meal, 9.5 oz. Bowl",Packaged Meals,1.98,$1.98,20.8 ¢/oz
"(8 pack) Idahoan Baby Reds Mashed Potatoes Side Dish, 4.1 oz",Packaged Side Dishes,10.16,$10.16,31.0 ¢/oz
"Zatarain's No Artificial Flavors Family Size Frozen Blackened Chicken Alfredo, 40.0 oz Bag",Packaged Meals,11.83,$11.83,29.6 ¢/oz
"Golden Star Thai Hom Mali Jasmine Rice, 5 lbs",Rice,7.84,$7.84,9.8 ¢/oz
"Michael Angelo's Three Cheese Baked Ziti, Italian-Style Frozen Family Dinner, Oven Ready, 28 oz",Packaged Meals,3.86,$3.86,35.1 ¢/oz
"Zatarain's No Artificial Flavors Frozen Blackened Chicken Alfredo, 24.0 oz Bag",Packaged Meals,7.97,$7.97,33.2 ¢/oz
"Great Value Spaghetti with Meat Sauce, 10 oz",Packaged Meals,2.97,$2.97,29.7 ¢/oz
"(4 pack) Hungry Jack Hashbrown Potatoes, 4.2 oz pint carton",Packaged Side Dishes,6.92,$6.92,41.2 ¢/oz
"HERDEZ Al Pastor Slow Roasted Seasoned Shredded Pork, Microwaveable Entree, 15 oz Tray",Packaged Meals,7.63,$7.63,50.9 ¢/oz
"VeeTee-Heat and Eat Basmati Rice  9.9 oz, Free from Artificial Ingredients.",Rice,2.68,$2.68,27.1 ¢/oz
"(2 pack) VeeTee-Heat and Eat Basmati Rice  9.9 oz, Free from Artificial Ingredients.",Rice,5.36,$5.36,27.1 ¢/oz
"Patak's Spicy Tikka Masala Simmer Sauce, 15 Ounce Bottle",Cooking Sauces & Marinades,4.64,$4.64,30.9 ¢/oz
"Classico Roasted Garlic Pasta Sauce, 24 oz Jar",Pasta Sauces,3.13,$3.13,13.0 ¢/oz
"LA VICTORIA Salsa Verde Fire Roasted, Medium, Shelf Stable, 15.5 oz Glass Jar",Salsas,2.88,$2.88,18.6 ¢/oz
Sweet Baby Ray's Garlic Parmesan Sauce & Marinade 16 fl oz,Cooking Sauces & Marinades,3.38,$3.38,21.1 ¢/fl oz
"Melinda'S Green Sauce Spicy Tomato Jalapeno, 12 Oz",Cooking Sauces & Marinades,4.77,$4.77,39.8 ¢/fl oz
"Kinder's Honey Hot BBQ Sauce, 15.5 oz Squeeze Bottle",Barbecue Sauces,4.18,$4.18,27.0 ¢/oz
"A.1. Original Sauce, 10 oz. Bottle",Steak Sauces,3.97,$3.97,39.7 ¢/oz
Rao's Homemade Tomato Basil Pasta Sauce 24oz,Pasta Sauces,6.66,$6.66,27.8 ¢/oz
"Great Value 4 Cheese Alfredo Pasta Sauce, 16 oz",Pasta Sauces,1.92,$1.92,12.0 ¢/oz
"RAGU Double Cheddar Pasta Sauce, 16 oz",Pasta Sauces,2.58,$2.58,16.1 ¢/oz
"Great Value Garden Combo Pasta Sauce, 24 oz Jar",Pasta Sauces,1.74,$1.74,7.3 ¢/oz
"Bertolli Pasta Sauce Five Cheese, Spaghetti Tomato Sauce, 24 oz",Pasta Sauces,3,$3.00,12.5 ¢/oz
"Hunt’s Garlic & Herb Pasta Sauce, 24 oz. Can",Pasta Sauces,1.58,$1.58,6.6 ¢/oz
"Ragu Chunky Tomato Pasta Sauce, with Garlic and Onion, 66 oz",Pasta Sauces,4.97,$4.97,7.5 ¢/oz
"RAGU Old World Style Traditional Spaghetti Pasta Sauce, 66 oz",Pasta Sauces,4.97,$4.97,7.5 ¢/oz
"Prego Italian Tomato Pasta Sauce Flavored with Meat, 24 oz Jar",Pasta Sauces,2.48,$2.48,10.3 ¢/oz
"RAGU Old World Style Traditional Spaghetti Pasta Sauce, 45 oz",Pasta Sauces,3.74,$3.74,8.3 ¢/oz
"Prego Three Cheese Spaghetti Sauce, 24 oz Jar",Pasta Sauces,2.48,$2.48,10.3 ¢/oz
"RAGU Simply Traditional Pasta Sauce, 24 oz",Pasta Sauces,2.24,$2.24,9.3 ¢/oz
"RAGU Old World Style Pasta Sauce Flavored with Meat, 24 oz",Pasta Sauces,2.24,$2.24,9.4 ¢/oz
"HERDEZ Avocado Hot Sauce, Taco Topping, Shelf Stable, 5 oz Glass Bottle",Hot Sauces,1.97,$1.97,39.4 ¢/oz
Rao's Homemade Roasted Garlic Pasta Sauce 24oz,Pasta Sauces,7.33,$7.33,30.5 ¢/oz
"Prego Italian Sausage and Garlic Meat Sauce, 23.5 oz Jar",Pasta Sauces,2.48,$2.48,10.6 ¢/oz
"(6 pack) Bertolli Garlic Alfredo Pasta Sauce with Fresh Cream, 15 oz",Pasta Sauces,17.88,$17.88,19.9 ¢/oz
"Classico Roasted Garlic Alfredo Spaghetti Pasta Sauce, 15 oz. Jar",Pasta Sauces,2.98,$2.98,19.9 ¢/oz
"Prego Alfredo Sauce with Roasted Garlic and Parmesan Cheese, 22 oz Jar",Pasta Sauces,3.57,$3.57,16.2 ¢/oz
"Bertolli Pasta Sauce with Tomato and Basil, Spaghetti Tomato Sauce, 24 oz",Pasta Sauces,3,$3.00,12.5 ¢/oz
"(4 pack) Classico Four Cheese Pasta Sauce, 24 oz Jar",Pasta Sauces,12.52,$12.52,13.0 ¢/oz
"RAGU Old World Style Pasta Sauce Flavored with Meat, 45 oz",Pasta Sauces,3.74,$3.74,8.3 ¢/oz
"Great Value Boom Boom Shrimp Sauce, 10.5 oz",Cooking Sauces & Marinades,2.44,$2.44,23.2 ¢/oz
"Frank's RedHot Kosher Original Cayenne Pepper Hot Sauce, 12.0 fl oz Bottle",Hot Sauces,2.24,$2.24,18.7 ¢/fl oz
"Prego Italian Tomato Pasta Sauce Flavored with Meat, 67 oz Jar",Pasta Sauces,5.36,$5.36,8.0 ¢/oz
"Manwich Sloppy Joe Sauce, Thick and Chunky, Canned Sauce, 15.5 oz.",Cooking Sauces & Marinades,1.48,$1.48,9.5 ¢/oz
"RAGU Classic Alfredo Pasta Sauce, 16 oz",Pasta Sauces,2.24,$2.24,14.0 ¢/oz
"Great Value Red Enchilada Sauce, 10 oz",Cooking Sauces & Marinades,1,$1.00,10.0 ¢/oz
Rao's Homemade Alfredo Sauce 15 oz. Jar,Pasta Sauces,7.33,$7.33,48.9 ¢/oz
Flavortown Bacon Ranch Flavored Sauce 12.8 oz,Cooking Sauces & Marinades,3.97,$3.97,31.0 ¢/oz
"Great Value Traditional Pasta Sauce, 45 oz Jar",Pasta Sauces,2.98,$2.98,6.6 ¢/oz
"Mezzetta Family Recipes Tomato Basil Sauce, 25 oz Jar",Pasta Sauces,4.97,$4.97,19.9 ¢/oz
"RAGU Chunky Mamas Special Garden Pasta Sauce, 24 oz",Pasta Sauces,2.24,$2.24,9.3 ¢/oz
"Classico Tomato & Basil Pasta Sauce, 24 oz Jar",Pasta Sauces,2.97,$2.97,12.4 ¢/oz
"RAGU Chunky Mushroom and Green Pepper Pasta Sauce, 24 oz",Pasta Sauces,2.24,$2.24,9.3 ¢/oz
"(6 pack) Bertolli Pasta Sauce Five Cheese, Spaghetti Tomato Sauce, 24 oz",Pasta Sauces,18,$18.00,12.5 ¢/oz
"Kinder's Sticky Honey BBQ Wing Sauce and Dip, 15.8 oz Squeeze Bottle",Barbecue Sauces,4.98,$4.98,31.5 ¢/oz
"Great Value Original BBQ Sauce, 18 oz Bottle, 1 Each",Barbecue Sauces,1.88,$1.88,10.4 ¢/oz
"(6 pack) Hunts Four Cheese Pasta Sauce, 24 oz. Can",Pasta Sauces,9.48,$9.48,6.6 ¢/oz
"Hunts Seasoned Tomato Sauce for Meatloaf, 15.25 oz. Can",Cooking Sauces & Marinades,1.36,$1.36,8.9 ¢/oz
"Prego Traditional No Sugar Added Pasta Sauce, 23.5 oz Jar",Pasta Sauces,2.48,$2.48,10.6 ¢/oz
"El Yucateco Green Habanero Hot Sauce, 4 fl oz",Hot Sauces,2.27,$2.27,56.8 ¢/fl oz
"Heinz 57 Sauce, 20 oz Bottle",Cooking Sauces & Marinades,7.33,$7.33,36.7 ¢/oz
Newman's Own Sockarooni Pasta Sauce 24 oz,Pasta Sauces,3.12,$3.12,13.0 ¢/oz
"Classico Italian Sausage Spaghetti Pasta Sauce with Peppers & Onions, 24 oz. Jar",Pasta Sauces,3.13,$3.13,13.0 ¢/oz
"Great Value Tomato Basil Garlic Pasta Sauce, 45 oz Jar",Pasta Sauces,2.98,$2.98,6.6 ¢/oz
"Manwich Sloppy Joe Sauce, Bold Flavor, Canned Sauce, 16 oz.",Cooking Sauces & Marinades,1.48,$1.48,9.3 ¢/oz
"Hunts Tomato Sauce, Perfect for Chili & Soups, 15 oz. Can",Pasta Sauces,1.36,$1.36,9.1 ¢/oz
"Classico Creamy Rose Pasta Sauce, 15 oz Jar",Pasta Sauces,2.98,$2.98,19.9 ¢/oz
"RAGU Chunky Garden Combination Pasta Sauce, 24 oz",Pasta Sauces,2.24,$2.24,9.3 ¢/oz
"RAGU Chunky Tomato Garlic and Onion Pasta Sauce, 45 oz",Pasta Sauces,3.74,$3.74,8.3 ¢/oz
"Rao's Homemade Four Cheese Sauce, 24 oz, Pasta Sauce, Carb Conscious, Keto Friendly, All Natural, Premium Quality, With Four Classic Italian Cheeses, No Onions or Garlic",Pasta Sauces,7.33,$7.33,30.5 ¢/oz
"Bertolli Alfredo Sauce with Basil, Spaghetti Pasta Sauce, 15 oz",Pasta Sauces,2.98,$2.98,19.9 ¢/oz
"RAGU Chunky Sauteed Onion and Garlic Pasta Sauce, 24 oz",Pasta Sauces,2.24,$2.24,9.3 ¢/oz
Mezzetta Family Recipes Roasted Garlic Sauce 25 oz Jar,Cooking Sauces & Marinades,4.98,$4.98,19.9 ¢/oz
"Buffalo Wild Wings Honey BBQ Sauce, 12 fl oz",Barbecue Sauces,3.44,$3.44,28.7 ¢/fl oz
"(2 pack) Classico Tomato & Basil Pasta Sauce, 24 oz Jar",Pasta Sauces,5.94,$5.94,12.4 ¢/oz
"(2 pack) Manwich Original Sloppy Joe Sauce, Canned Sauce, 15 oz",Cooking Sauces & Marinades,2.96,$2.96,9.9 ¢/oz
"Classico Signature Recipes Traditional Basil Pesto Sauce & Spread, 8.1 oz Jar",Pasta Sauces,4.48,$4.48,55.3 ¢/oz
"Ragu Simply Roasted Garlic Pasta Sauce, 24 oz",Pasta Sauces,2.24,$2.24,9.3 ¢/oz
"Prego Italian Pasta Sauce Flavored with Meat, 45 oz Jar",Pasta Sauces,4.23,$4.23,9.4 ¢/oz
"Lea & Perrins The Original Worcestershire Sauce, 15 fl oz Bottle",Worcestershire Sauce,6.58,$6.58,43.9 ¢/fl oz
"RAGU Chunky Garden Combination Pasta Sauce, 45 oz",Pasta Sauces,3.74,$3.74,8.3 ¢/oz
"Great Value Taco Sauce Mild Gluten Free Paleo Keto Bottle, 16 oz",Salsas,1.97,$1.97,12.3 ¢/oz
"Rao's Homemade Roasted Garlic Alfredo Sauce, Pasta Sauce with Parmesan and Romano Cheese, 15 Oz",Pasta Sauces,7.33,$7.33,48.9 ¢/oz
"Prego Homestyle Alfredo Pasta Sauce, 14.5 oz Jar",Pasta Sauces,2.48,$2.48,17.1 ¢/oz
"Buffalo Wild Wings Mango Habanero Sauce, 12 fl. oz.",Hot Sauces,3.44,$3.44,28.7 ¢/fl oz
"Old El Paso Mild Red Enchilada Sauce, Meal Prep, Value Size, 28 oz",Cooking Sauces & Marinades,2.68,$2.68,9.6 ¢/oz
"Prego Chunky Tomato with Garlic and Onion Pasta Sauce, 45 oz Jar",Pasta Sauces,4.23,$4.23,9.4 ¢/oz
"Prego Italian Tomato Sauce with Basil & Garlic, 24 oz Jar",Pasta Sauces,2.48,$2.48,10.3 ¢/oz
"G Hughes Sugar Free Sweet Chili Dipping Sauce, 18 oz",Hot Sauces,3.76,$3.76,20.9 ¢/oz
"Prego Creamy Basil Pesto Pasta Sauce, 14.5 oz Jar",Pasta Sauces,2.48,$2.48,17.1 ¢/oz
"Prego Traditional Pasta Sauce, 14 oz Jar",Pasta Sauces,2.12,$2.12,15.1 ¢/oz
"Kinder's Bourbon Peach BBQ Wing Sauce and Dip, 15.5 oz Squeeze Bottle",Cooking Sauces & Marinades,4.98,$4.98,32.1 ¢/oz
"Prego Italian Sausage and Garlic Meat Sauce, 44 oz Jar",Pasta Sauces,4.23,$4.23,9.6 ¢/oz
"(6 pack) Bertolli Alfredo Sauce with Basil, Spaghetti Pasta Sauce, 15 oz",Pasta Sauces,17.88,$17.88,19.9 ¢/oz
"Prego Chunky Mushroom and Green Pepper Spaghetti Sauce, 23.75 oz Jar",Pasta Sauces,2.48,$2.48,10.4 ¢/oz
"Carbone Fine Foods Roasted Garlic Pasta Sauce, 24 oz",Pasta Sauces,8.37,$8.37,34.9 ¢/oz
"Las Palmas Mild Green Chile Enchilada Sauce, 28 oz",Cooking Sauces & Marinades,3.02,$3.02,10.8 ¢/oz
"Classico Creamy Alfredo Pasta Sauce, 15 oz Jar",Pasta Sauces,2.98,$2.98,19.9 ¢/oz
"Bertolli Mushroom Alfredo Sauce with Portobello Mushrooms, 15 oz",Pasta Sauces,2.98,$2.98,19.9 ¢/oz
"Kinder's Buttery Buffalo Wing Sauce and Dip, 14.2 oz Squeeze Bottle",Cooking Sauces & Marinades,5.23,$5.23,36.8 ¢/oz
"RAGU Kettle Cooked Roasted Garlic Pasta Sauce, 24 oz",Pasta Sauces,2.74,$2.74,11.4 ¢/oz
"RAGU Kettle Cooked Marinara Sauce, Pasta Sauce, 24 oz",Pasta Sauces,2.74,$2.74,11.4 ¢/oz
"KC Masterpiece Hickory Brown Sugar Barbecue Sauce, 40 fl oz Bottle",Barbecue Sauces,3.94,$3.94,9.9 ¢/oz
"Kinder's Black Cherry Chipotle BBQ Wing Sauce and Dip, 15.5 oz Squeeze Bottle",Barbecue Sauces,5.23,$5.23,33.7 ¢/oz
"Ragu Roasted Garlic Alfredo Sauce, Made with Real Cheese, 22 oz",Pasta Sauces,2.82,$2.82,12.8 ¢/oz
"Panda Express Chow Mein Noodle Sauce, KOF-K Kosher certified, 20 oz bottle, Liquid",Cooking Sauces & Marinades,4.68,$4.68,23.4 ¢/oz
"A.1. Original Sauce, 5 oz. Bottle",Steak Sauces,3.98,$3.98,79.6 ¢/oz
"Buffalo Wild Wings Spicy Garlic Buffalo Sauce, 12 fl. oz.",Hot Sauces,3.44,$3.44,28.7 ¢/fl oz
"Kinder's Gold Label Black Garlic BBQ Sauce, 15.8 oz Squeeze Bottle",Barbecue Sauces,6.58,$6.58,41.6 ¢/oz
"Old El Paso Mild Green Chile Enchilada Sauce, Value Size, 28 oz.",Cooking Sauces & Marinades,2.68,$2.68,9.6 ¢/oz
"Prego Mushroom Pasta Sauce, 67 oz Jar",Pasta Sauces,5.36,$5.36,8.0 ¢/oz
"Arby's Horsey Sauce, 12 fl oz.",Cooking Sauces & Marinades,2.98,$2.98,24.8 ¢/fl oz
"Knorr Bearnaise Sauce Mix, 0.9 oz",Cooking Sauces & Marinades,1.92,$1.92,$2.13/oz
"Kinder's Gold Label Bourbon Apple BBQ Sauce, 15.5 oz Squeeze Bottle",Barbecue Sauces,6.58,$6.58,42.5 ¢/oz
"(2 pack) Maggi Five Calorie Latin Flavor Jugo Seasoning Sauce, 3.38 fl oz Bottle",Cooking Sauces & Marinades,2.96,$2.96,43.8 ¢/oz
"Prego Mushroom Pasta Sauce, 24 oz Jar",Pasta Sauces,2.48,$2.48,10.3 ¢/oz
"Kinder's Sweet and Tangy Gold BBQ Sauce, 15.3 oz Squeeze Bottle",Barbecue Sauces,4.18,$4.18,27.3 ¢/oz
"RAGU Chunky Mushroom Pasta Sauce, 24 oz",Pasta Sauces,2.24,$2.24,9.3 ¢/oz
"Prego Basil Pesto Sauce, 8 oz Jar",Pasta Sauces,3.48,$3.48,43.5 ¢/oz
"Stubb's Gluten Free Spicy Barbecue Sauce, 18.0 oz Bottle",Barbecue Sauces,3.87,$3.87,21.5 ¢/oz
"Johnny's French Dip Concentrated Sauce, 8 fl oz",Cooking Sauces & Marinades,2.82,$2.82,35.3 ¢/fl oz
"Maggi Five Calorie Latin Flavor Jugo Seasoning Sauce, 3.38 fl oz Bottle",Cooking Sauces & Marinades,1.48,$1.48,43.8 ¢/oz
Sweet Baby Ray's Garlic Buffalo Wing Sauce 16 fl oz,Cooking Sauces & Marinades,3.38,$3.38,21.1 ¢/fl oz
"(6 pack) RAGU Chunky Garden Combination Pasta Sauce, 24 oz",Pasta Sauces,13.44,$13.44,9.3 ¢/oz
"LA VICTORIA SALSA BRAVA Hot Sauce, Shelf Stable, 15 oz Plastic Squeeze Bottle",Hot Sauces,4,$4.00,26.7 ¢/oz
"RAGU Classic Alfredo Pasta Sauce, 21.5 oz",Pasta Sauces,2.82,$2.82,13.1 ¢/oz
Primal Kitchen Original Buffalo Sauce 8.5 oz Bottle,Cooking Sauces & Marinades,6.3,$6.30,74.1 ¢/oz
"Rao's Homemade Vodka Sauce | 24 oz | Creamy Tomato Sauce | Pasta Sauce | Carb Conscious, Keto Friendly | All Natural, Premium Quality | With Parmigiano Reggiano and Pecorino Romano Cheeses & Vodka",Pasta Sauces,6.66,$6.66,27.8 ¢/oz
"Kinder's Original Mild BBQ Sauce, 15.5 oz Squeeze Bottle",Barbecue Sauces,4.18,$4.18,27.0 ¢/oz
Chosen Foods Chicken Sauce made with 100% Pure Avocado Oil 9 fl oz,Cooking Sauces & Marinades,6.28,$6.28,69.8 ¢/fl oz
"Buffalo Wild Wings Medium Buffalo Sauce, 20 fl. oz.",Hot Sauces,5.74,$5.74,28.7 ¢/fl oz
Great Value Seafood Sauce Zesty 12oz,Cooking Sauces & Marinades,1.72,$1.72,14.3 ¢/oz
"Great Value Medium Wing Sauce, 12 fl oz",Hot Sauces,2.58,$2.58,21.5 ¢/fl oz
"HATCH Green Chile Enchilada Sauce, Mild, 15oz, Kosher, Non-GMO, Gluten Free",Cooking Sauces & Marinades,3.76,$3.76,25.1 ¢/oz
"KC Masterpiece Original Barbecue Sauce, 18 fl oz Bottle",Barbecue Sauces,2.18,$2.18,12.1 ¢/oz
"Carbone Fine Foods Tomato Basil Sauce, 24 oz",Pasta Sauces,7.98,$7.98,33.3 ¢/oz
"Las Palmas Mild Enchilada Sauce, Shelf-Stable, 28 oz Can",Cooking Sauces & Marinades,3.02,$3.02,10.8 ¢/oz
"Rao's Homemade Bolognese Pasta Sauce, Keto Friendly, Low Carb 24 oz",Pasta Sauces,7.33,$7.33,30.5 ¢/oz
"Tabasco Green Pepper Sauce, 5 oz Regular Glass Bottle, Gluten Free",Hot Sauces,3.38,$3.38,67.6 ¢/fl oz
"La Victoria Traditional Red Enchilada Liquid Sauce Mild, 28 oz",Cooking Sauces & Marinades,3.42,$3.42,12.2 ¢/oz
"Prego Mushroom Pasta Sauce, 45 oz Jar",Pasta Sauces,4.23,$4.23,9.4 ¢/oz
"KC Masterpiece Original Barbecue Sauce, 40 fl oz",Barbecue Sauces,3.94,$3.94,9.9 ¢/oz
"(6 pack) Classico Creamy Alfredo Pasta Sauce, 15 oz Jar",Pasta Sauces,17.88,$17.88,19.9 ¢/oz
"Del Fuerte Tomato Sauce, 7.4 oz Box",Cooking Sauces & Marinades,0.64,$0.64,8.6 ¢/oz
"(2 pack) La Costea Mexican Chile Chipotle Sauce, 7 oz",Cooking Sauces & Marinades,2.26,$2.26,14.6 ¢/oz
"Kinder's Gold Label Founder's Reserve BBQ Sauce, 15.5 oz Squeeze Bottle",Barbecue Sauces,6.58,$6.58,42.5 ¢/oz
"Las Palmas Medium Red Enchilada Sauce, 10 oz",Cooking Sauces & Marinades,1.54,$1.54,15.4 ¢/oz
"Passage to India World Curries Sri Lankan Coconut & Cashew Chicken Simmer Sauce, 13.2 oz, Sauce",Cooking Sauces & Marinades,3.64,$3.64,27.6 ¢/oz
"(2 pack) Manwich Sloppy Joe Sauce, Bold Flavor, Canned Sauce, 16 oz.",Cooking Sauces & Marinades,2.96,$2.96,9.3 ¢/oz
"(2 pack) Las Palmas Mild Enchilada Sauce, Shelf-Stable, 28 oz Can",Cooking Sauces & Marinades,6.04,$6.04,10.8 ¢/oz
"Rao's Homemade Mushroom & Bell Pepper Pasta Sauce, Keto Friendly, Low Carb 24 oz",Pasta Sauces,7.33,$7.33,30.5 ¢/oz
"Rao's Homemade Tomato Sauce, Tomato Basil Spaghetti Sauce, Low Carb, Keto Friendly, 32 Oz",Pasta Sauces,8.88,$8.88,27.8 ¢/oz
"(2 pack) Manwich Sloppy Joe Sauce, Thick and Chunky, Canned Sauce, 15.5 oz.",Cooking Sauces & Marinades,2.96,$2.96,9.5 ¢/oz
"LA VICTORIA Green Taco Sauce, Mild, 15 oz Plastic Bottle",Salsas,4,$4.00,26.7 ¢/oz
"La Costea Hot Mole Sauce, 8.25 oz",Cooking Sauces & Marinades,2.73,$2.73,33.1 ¢/oz
"(3 pack) Kitchen Bouquet Browning and Seasoning Sauce, 4 fl oz",Cooking Sauces & Marinades,10.41,$10.41,86.8 ¢/fl oz
"Kinder's Hickory Brown Sugar BBQ Sauce, 44 oz Squeeze Bottle",Barbecue Sauces,8.78,$8.78,20.0 ¢/oz
"Hunts Tomato Sauce, 15 oz. Can, Perfect for Chili & Soups, 4-Count Value Pack",Cooking Sauces & Marinades,5.14,$5.14,8.6 ¢/oz
"Rao's Homemade Italian Sausage & Mushroom Sauce, Keto Friendly, Low Carb 24 oz",Pasta Sauces,7.33,$7.33,30.5 ¢/oz
"(2 pack) Patak's Tastes of India Simmer Sauce, Tikka Masala Curry, 15-Ounce",Cooking Sauces & Marinades,7.92,$7.92,26.4 ¢/oz
"HATCH Green Chile Enchilada Sauce, Medium Heat, 15oz, Kosher, Gluten Free Certified, Non-GMO Certified",Cooking Sauces & Marinades,3.76,$3.76,25.1 ¢/oz
"(3 pack) The Pasta Queen Lemon Temptress Sauce, 14 oz Jar",Pasta Sauces,20.76,$20.76,49.4 ¢/oz
"(12 pack) El Pato Green Jalapeno Sauce, 7.75 oz",Hot Sauces,11.76,$11.76,12.6 ¢/oz
"DONA MARIA Mole Sauce, 16.75 oz",Cooking Sauces & Marinades,5.96,$5.96,35.6 ¢/oz
"(2 pack) Johnny's French Dip Concentrated Sauce, 8 fl oz",Cooking Sauces & Marinades,5.64,$5.64,35.3 ¢/fl oz
"(2 pack) Chick-fil-A Sauce, 24 fl oz Squeeze Bottle",Cooking Sauces & Marinades,11.52,$11.52,24.0 ¢/fl oz
"Delmonte Tomato Sauce 4-8oz., Can",Pasta Sauces,2.93,$2.93,9.2 ¢/oz
"(3 pack) Buffalo Wild Wings Parmesan Garlic Sauce, 12 fl oz",Cooking Sauces & Marinades,10.32,$10.32,28.7 ¢/fl oz
"(2 pack) SNOW'S by BUMBLE BEE Italian Style White Clam Sauce, Made with Fresh Clams, 6g Protein Per Serving, Shelf Stable Can, 15 oz",Pasta Sauces,4.96,$4.96,16.5 ¢/oz
"Maya Kaimal Butter Masala Simmer Sauce, 12.5 oz",Cooking Sauces & Marinades,4.34,$4.34,34.7 ¢/oz
"Kinder's Hot Teriyaki Wing Sauce and Dip, 15.5 oz Squeeze Bottle",Hot Sauces,4.98,$4.98,32.1 ¢/oz
"(4 pack) Bertolli Classic Alfredo Pasta Sauce with Fresh Cream, 15 oz",Pasta Sauces,11.92,$11.92,19.9 ¢/oz
"Carbone Fine Foods Alfredo Sauce, 15 oz",Pasta Sauces,7.97,$7.97,53.1 ¢/oz
Juanita's Foods Ancho & Guajillo Adobo Multi-Use Cooking Sauce 16 oz Jar,Cooking Sauces & Marinades,4.78,$4.78,29.9 ¢/oz
"(6 pack) RAGU Old World Style Pasta Sauce Flavored with Meat, 24 oz",Pasta Sauces,13.44,$13.44,9.4 ¢/oz
"Frank's RedHot Kosher Buffalo Wing Sauce, 32.0 fl oz Jug",Hot Sauces,7.33,$7.33,22.9 ¢/fl oz
"(3 pack) Mega Chamoy Original Sauce, 33 fl oz",Cooking Sauces & Marinades,6.69,$6.69,6.6 ¢/fl oz
Juanita's Foods Tamarind Orange Multi-Use Cooking Sauce 16 oz Jar,Cooking Sauces & Marinades,4.78,$4.78,29.9 ¢/oz
(3 pack) Sweet Baby Ray's Garlic Parmesan Sauce & Marinade 16 fl oz,Cooking Sauces & Marinades,10.14,$10.14,21.1 ¢/fl oz
"Frank's RedHot General Tso Wings Sauce, 12.0 fl oz Bottle",Hot Sauces,4.12,$4.12,34.3 ¢/fl oz
"(6 pack) Manwich Original Sloppy Joe Sauce, Canned Sauce, 15 oz",Cooking Sauces & Marinades,8.88,$8.88,9.9 ¢/oz
"(2 pack) bettergoods Gochujang Sauce, 12.5 oz",Cooking Sauces & Marinades,7.88,$7.88,31.5 ¢/oz
"(2 pack) Great Value Yum Yum Sauce, 16.5 oz",Cooking Sauces & Marinades,6.64,$6.64,20.1 ¢/oz
"(4 pack) P.F. Chang's Home Menu Chicken Lettuce Wrap Cooking Sauce and Marinade, 8 fl oz.",Cooking Sauces & Marinades,13.12,$13.12,41.0 ¢/oz
(2 pack) Flavortown Top Secret Sauce 12 oz,Cooking Sauces & Marinades,7.94,$7.94,33.1 ¢/oz
"(2 pack) The Pasta Queen Lemon Temptress Sauce, 14 oz Jar",Pasta Sauces,13.84,$13.84,49.4 ¢/oz
(3 pack) Sweet Baby Ray's Sweet Teriyaki Sauce & Marinade 16 fl oz,Cooking Sauces & Marinades,10.68,$10.68,22.3 ¢/fl oz
"(3 pack) Classico Signature Recipes Traditional Pizza Sauce, 14 oz Jar",Pizza Sauces,8.91,$8.91,21.2 ¢/oz
"(3 pack) Chick-fil-A Dipping Sauce, 16 fl oz Squeeze Bottle",Cooking Sauces & Marinades,12.51,$12.51,26.1 ¢/fl oz
"(6 pack) Great Value Red Enchilada Sauce, 10 oz",Cooking Sauces & Marinades,6,$6.00,10.0 ¢/oz
"Contadina Tomato Sauce, No Salt Added, 8 oz Can",Cooking Sauces & Marinades,0.78,$0.78,9.8 ¢/oz
"(2 pack) Soy Vay Island Teriyaki Marinade & Sauce, 20 Ounce Bottle",Cooking Sauces & Marinades,8.56,$8.56,21.4 ¢/oz
(2 pack) Mezzetta Family Recipes Roasted Garlic Sauce 25 oz Jar,Cooking Sauces & Marinades,9.96,$9.96,19.9 ¢/oz
"(2 pack) LA VICTORIA Mild Red Taco Sauce Liquid, Shelf-Stable, 15 oz Plastic Bottle",Cooking Sauces & Marinades,8,$8.00,26.7 ¢/oz
"(4 pack) Kikkoman Teriyaki Marinade & Sauce, 15 oz",Cooking Sauces & Marinades,13.84,$13.84,23.1 ¢/fl oz
"(2 pack) Contadina Tomato Sauce, No Salt Added, 8 oz Can",Cooking Sauces & Marinades,1.56,$1.56,9.8 ¢/oz
(2 pack) Newman's Own Marinara Pasta Sauce 24 oz,Pasta Sauces,6.24,$6.24,13.0 ¢/oz
"(2 pack) A.1. Original Sauce, 5 oz. Bottle",Steak Sauces,7.96,$7.96,79.6 ¢/oz
"(2 pack) Buffalo Wild Wings Sweet & Sour Sauce, 12 fl. oz.",Cooking Sauces & Marinades,6.88,$6.88,28.7 ¢/fl oz
"(2 pack) Kona Coast Paradise Pineapple Teriyaki Marinade & Grilling Sauce, 15 oz Jar",Cooking Sauces & Marinades,6.24,$6.24,20.8 ¢/oz
(2 pack) Kogi Sweet Garlic Teriyaki Marinade and Sauce 16 fl oz,Cooking Sauces & Marinades,8.24,$8.24,25.8 ¢/fl oz
"(3 pack) Ragu Old World Style Meat-Flavored Pasta Sauce, 66 oz",Pasta Sauces,14.91,$14.91,7.5 ¢/oz
"(2 pack) HOUSE OF TSANG Classic Stir-Fry Sauce, Shelf-Stable, 11.5 oz Glass Bottle",Cooking Sauces & Marinades,9.28,$9.28,40.3 ¢/oz
"(3 pack) Rao's Homemade Marinara Sauce, Low Carb, All-Natural Spaghetti Sauce, 24 Oz",Pasta Sauces,19.98,$19.98,27.8 ¢/oz
"(2 pack) LA VICTORIA Green Taco Sauce, Mild, 15 oz Plastic Bottle",Cooking Sauces & Marinades,8,$8.00,26.7 ¢/oz
"(2 pack) Las Palmas Medium Green Chile Enchilada Sauce, Kosher, 28 oz Can",Cooking Sauces & Marinades,6.04,$6.04,10.8 ¢/oz
"(2 pack) Carbone Fine Foods Tomato Basil Sauce, 24 oz",Cooking Sauces & Marinades,15.96,$15.96,33.3 ¢/oz
"(2 pack) Buffalo Wild Wings Spicy Garlic Buffalo Sauce, 12 fl. oz.",Hot Sauces,6.88,$6.88,28.7 ¢/fl oz
"(4 pack) Daiya Dairy Free Gluten Free Cheddar Cheese Sauce, Vegan, 14.2 oz (Shelf-Stable)",Cooking Sauces & Marinades,23.88,$23.88,42.0 ¢/oz
"(3 pack) Kinder's Bourbon Peach BBQ Wing Sauce and Dip, 15.5 oz Squeeze Bottle",Barbecue Sauces,14.94,$14.94,32.1 ¢/oz
"(2 pack) bettergoods Korean Style BBQ Sauce, 12 oz",Barbecue Sauces,7.88,$7.88,32.8 ¢/oz
"(6 pack) Great Value Parmesan Garlic Wing Sauce, 12 fl oz",Cooking Sauces & Marinades,15.48,$15.48,21.5 ¢/fl oz
"(4 pack) Chick-fil-A Dipping Sauce, 16 fl oz Squeeze Bottle",Cooking Sauces & Marinades,16.68,$16.68,26.1 ¢/fl oz
(3 pack) Primal Kitchen Original Buffalo Sauce 8.5 oz Bottle,Cooking Sauces & Marinades,18.9,$18.90,74.1 ¢/oz
"(3 pack) HATCH Green Chile Enchilada Sauce, Medium Heat, 15oz, Kosher, Gluten Free Certified, Non-GMO Certified",Cooking Sauces & Marinades,11.28,$11.28,25.1 ¢/oz
"(2 pack) Las Palmas Mild Green Chile Enchilada Sauce, 28 oz",Cooking Sauces & Marinades,6.04,$6.04,10.8 ¢/oz
"(6 pack) Classico Signature Recipes Traditional Basil Pesto Sauce & Spread, 8.1 oz Jar",Cooking Sauces & Marinades,26.88,$26.88,55.3 ¢/oz
"(3 pack) LA VICTORIA Red Taco Sauce, Medium, Shelf-Stable, 15 oz Plastic Bottle",Cooking Sauces & Marinades,12,$12.00,26.7 ¢/oz
"(3 pack) Great Value Boom Boom Shrimp Sauce, 10.5 oz",Cooking Sauces & Marinades,7.32,$7.32,23.2 ¢/oz
"(2 pack) Kinder's Sticky Honey BBQ Wing Sauce and Dip, 15.8 oz Squeeze Bottle",Barbecue Sauces,9.96,$9.96,31.5 ¢/oz
"(3 pack) Hunts Tomato Sauce, 15 oz. Can, Perfect for Chili & Soups, 4-Count Value Pack",Pasta Sauces,15.42,$15.42,8.6 ¢/oz
"(6 pack) Manwich Original Sloppy Joe Sauce, Canned Sauce, 24 oz.",Cooking Sauces & Marinades,14.88,$14.88,10.3 ¢/oz
(2 pack) Blue Elephant Green Curry Sauce,Cooking Sauces & Marinades,10.24,$10.24,48.3 ¢/oz
"(3 pack) Samyang Carbo Buldak Korean Spicy Hot Chicken Flavor Sauce, 7oz Bottle",Hot Sauces,14.91,$14.91,70.5 ¢/oz
"(2 pack) Terry Ho's Yum Yum Sauce, Reduced Calorie, 16 fl oz",Cooking Sauces & Marinades,9.64,$9.64,30.1 ¢/fl oz
"(2 pack) Aloha Shoyu Hawaiian Style Poke Sauce, 12 oz",Soy Sauces,7.52,$7.52,31.3 ¢/fl oz
"(3 pack) G Hughes Sugar Free Stir Fry Sauce, 12 oz",Cooking Sauces & Marinades,11.82,$11.82,32.8 ¢/oz
"(4 pack) HATCH Green Chile Enchilada Sauce, Mild, 15oz, Kosher, Non-GMO, Gluten Free",Cooking Sauces & Marinades,15.04,$15.04,25.1 ¢/oz
"(2 pack) Maya Kaimal Tikka Masala Simmer Sauce, 12.5 oz",Cooking Sauces & Marinades,11.16,$11.16,44.6 ¢/oz
(3 pack) Chosen Foods Chicken Sauce made with 100% Pure Avocado Oil 9 fl oz,Cooking Sauces & Marinades,18.84,$18.84,69.8 ¢/fl oz
"(3 pack) G Hughes Sugar Free Sweet Chili Dipping Sauce, 18 oz",Hot Sauces,11.28,$11.28,20.9 ¢/oz
(3 pack) Sweet Baby Ray's Garlic Buffalo Wing Sauce 16 fl oz,Cooking Sauces & Marinades,10.14,$10.14,21.1 ¢/fl oz
(12 pack) Great Value Seafood Sauce Zesty 12oz,Cooking Sauces & Marinades,25.44,$25.44,17.7 ¢/oz
"(3 pack) Juanita's Foods Nacho Cheese Sauce, 106 oz Can",Cooking Sauces & Marinades,33.54,$33.54,10.5 ¢/oz
"(2 pack) Kinder's Hot Teriyaki Wing Sauce and Dip, 15.5 oz Squeeze Bottle",Hot Sauces,9.96,$9.96,32.1 ¢/oz
"Rao's Homemade Marinara Sauce, Low Carb, All-Natural Spaghetti Sauce, 32 Oz",Pasta Sauces,8.88,$8.88,27.8 ¢/oz
"G Hughes Sugar Free Cluckin' Dipping Sauce, 17 oz",Cooking Sauces & Marinades,3.82,$3.82,22.5 ¢/oz
Lee Kum Kee Hoisin Sauce 20 oz.,Cooking Sauces & Marinades,5,$5.00,25.0 ¢/oz
"Great Value Frozen Raw Medium Peeled Deveined Tail-on Shrimp, 12 oz (41-60 Count per lb)",Shrimp & Prawns,6.74,$6.74,56.2 ¢/oz
"Bibigo Frozen Vegetable & Pork Spicy Sauced Dumplings, 9.01 oz",Packaged Meals,3.87,$3.87,43.0 ¢/oz
"Knorr Rice Sides No Artificial Flavors Chicken Instant Rice, Cooks in 7 Minutes, 5.6 oz",Rice,1.24,$1.24,22.1 ¢/oz
"Green Giant Extra Sweet Corn on The Cob, 12 Count Bag (Frozen Vegetables)",Packaged Side Dishes,5.18,$5.18,43.2 ¢/count
"Knorr Pasta Sides Chicken Flavor Fettuccine Made with No Artificial Flavors, 4.3 Oz Pouch",Packaged Side Dishes,1.24,$1.24,28.8 ¢/oz
"Idahoan Cheesy Scalloped Homestyle Casserole Side Dish, 4 oz",Packaged Side Dishes,1.62,$1.62,40.5 ¢/oz
"Tyson Popcorn Chicken, 25 oz (Frozen, Fully Cooked)",Packaged Meals,6.46,$6.46,25.8 ¢/oz
"Great Value Taters Seasoned and Shredded Potatoes, 32 oz (Frozen)",Packaged Side Dishes,2.97,$2.97,9.3 ¢/oz
"Great Value Seasoned French Fried Potatoes, 32 oz Bag (Frozen)",Packaged Side Dishes,2.97,$2.97,9.3 ¢/oz
"Great Value Seasoned Potato Hash Brown Patties, Shredded, 22.5 oz, 10 Count (Frozen)",Packaged Side Dishes,3.42,$3.42,15.2 ¢/oz
"Green Giant Simply Steam Broccoli & Cheese Sauce, 10 oz Bag (Frozen Vegetables)",Frozen Vegetables,1.96,$1.96,19.6 ¢/oz
"Great Value Deli Style Wedges Seasoned Potatoes, 32 oz (Frozen)",Packaged Side Dishes,2.97,$2.97,9.3 ¢/oz
"Idahoan Loaded Baked Mashed Potatoes Side Dish, 4 oz",Packaged Side Dishes,1.27,$1.27,31.8 ¢/oz
"Knorr Pasta Sides Alfredo Fettuccine Made with No Artificial Flavors, 4.4 Oz Pouch",Packaged Side Dishes,1.24,$1.24,28.2 ¢/oz
"Green Giant Restaurant Style Garlic Parmesan Green Beans, 12 oz Bag (Frozen Vegetables)",Packaged Side Dishes,3.13,$3.13,26.1 ¢/oz
"Great Value Frozen Breaded Okra, 12 oz Plastic Bag",Packaged Side Dishes,2.23,$2.23,18.6 ¢/oz
"El Monterey Beef & Bean Burritos, 32 oz, 8 Count (Frozen)",Packaged Meals,5.47,$5.47,17.1 ¢/oz
"Idahoan Applewood Smoked Bacon Mashed Potatoes Side Dish, 4 oz",Packaged Side Dishes,1.27,$1.27,31.8 ¢/oz
"Great Value Zucchini Blend, 10 oz (Frozen)",Packaged Side Dishes,1.92,$1.92,19.2 ¢/oz
"Idahoan Buttery Homestyle Mashed Potatoes , 4 oz",Packaged Side Dishes,1.27,$1.27,31.8 ¢/oz
"Betty Crocker Au Gratin Casserole Potatoes, Made with Real Cheese, Twin Pack, 8 oz Box",Packaged Side Dishes,2.98,$2.98,37.3 ¢/oz
"Stove Top Stuffing Mix, 1 Box, for Dinner Sides and Thanksgiving Dinner, Chicken, 6 oz",Packaged Side Dishes,2.96,$2.96,49.3 ¢/oz
"Birds Eye Loaded Potato Bake, Frozen Side, 13 oz. Box",Packaged Side Dishes,4.17,$4.17,32.1 ¢/oz
"Pasta Roni Butter & Garlic Angel Hair Pasta, 4.7 oz Box",Packaged Side Dishes,1.38,$1.38,29.4 ¢/oz
"Freshness Guaranteed Premium Ready-to-Serve Deviled Egg Potato Salad Small Tub, 16 oz (Refrigerated)",Packaged Side Dishes,4.27,$4.27,26.7 ¢/oz
"Idahoan Four Cheese Mashed Potatoes, 4 oz",Packaged Side Dishes,1.27,$1.27,31.8 ¢/oz
Arby's Seasoned Curly Fries 22 oz,Packaged Side Dishes,4.52,$4.52,20.5 ¢/oz
"Birds Eye Cheddar Broccoli Bake, Frozen Side, 13 oz. Box",Frozen Vegetables,4.17,$4.17,32.1 ¢/oz
"(8 pack) Idahoan Loaded Baked Mashed Potatoes Side Dish, 4 oz",Packaged Side Dishes,10.16,$10.16,31.8 ¢/oz
Checkers Rally's Famous Seasoned Fries 28 oz. Bag,Packaged Side Dishes,4.52,$4.52,16.1 ¢/oz
"Birds Eye Steamfresh Roasted Red Potatoes With Garlic Butter Sauce, Frozen Side, 10.8 oz. Bag",Packaged Side Dishes,2.48,$2.48,23.0 ¢/oz
"Great Value Scalloped Potatoes, 4.7 oz",Packaged Side Dishes,1.22,$1.22,26.0 ¢/oz
"Great Value Waffle Cut French Fried Potatoes, 24 oz (Frozen)",Packaged Side Dishes,2.97,$2.97,12.4 ¢/oz
"Birds Eye Fire Roasted Brussels Sprouts, Frozen Vegetables, 12 oz. Bag",Frozen Vegetables,3.97,$3.97,33.1 ¢/oz
"Great Value Au Gratin Potatoes, 4.7 oz Box, 1 Count",Packaged Side Dishes,1.22,$1.22,26.0 ¢/oz
"Green Giant Nibblers Extra Sweet Corn on The Cob, 6 Count Bag (Frozen Vegetables)",Packaged Side Dishes,2.96,$2.96,22.9 ¢/oz
"Great Value Crispy Rounds Shredded Potatoes, 30 oz (Frozen)",Packaged Side Dishes,3.42,$3.42,11.4 ¢/oz
"bettergoods Brussels Sprouts Roasting Medley, 16 oz (Frozen)",Packaged Side Dishes,4,$4.00,25.0 ¢/oz
"Old El Paso Cilantro Lime Seasoned Rice, Side Dish, 6.2 oz",Rice,2.18,$2.18,35.2 ¢/oz
Alexia Sweet Potato Fries Sweet & Savory with Sea Salt 20oz,Packaged Side Dishes,5.42,$5.42,27.1 ¢/oz
"Birds Eye Oven Roasters Seasoned Brussels Sprouts & Carrots, Frozen Vegetables, 15 oz. Bag",Frozen Vegetables,3.12,$3.12,22.3 ¢/oz
"Knorr No Artificial Flavors Creamy Garlic Spiral Pasta Cooks in 8 Minutes , 4.4 oz Regular Pouch",Packaged Meals,1.24,$1.24,28.2 ¢/oz
"Birds Eye Southwest Style Power Blend, Frozen Side, 12.7 oz. Bag",Packaged Side Dishes,2.58,$2.58,20.3 ¢/oz
"bettergoods Ricotta and Spinach Gnocchi, 16 oz (Frozen)",Packaged Side Dishes,4,$4.00,25.0 ¢/oz
"Idahoan Cheddar & Sour Cream Mashed Potatoes Side Dish, 4 oz",Packaged Side Dishes,1.27,$1.27,31.8 ¢/oz
"Great Value Crinkle Cut French Fried Potatoes, 32 oz Bag (Frozen)",Packaged Side Dishes,2.97,$2.97,9.3 ¢/oz
"Knorr No Artificial Flavors Herb & Butter Parboiled Rice, 5.4 oz Regular Pouch",Rice,1.24,$1.24,23.0 ¢/oz
"Great Value Southwest Corn, 15.25 oz Can",Canned & Jarred Vegetables,1.27,$1.27,8.3 ¢/oz
"Birds Eye Oven Roasters Seasoned Broccoli and Cauliflower, Frozen Vegetables, 14 oz. Bag",Frozen Vegetables,3.12,$3.12,22.3 ¢/oz
"Betty Crocker Scalloped Casserole Potatoes, Made with Real Cheese, Twin Pack, 8 oz Box",Packaged Side Dishes,2.98,$2.98,37.3 ¢/oz
"Ore-Ida Crispy Crowns Seasoned Shredded Potatoes, 30 oz Bag",Packaged Side Dishes,4.47,$4.47,14.9 ¢/oz
"Green Giant Restaurant Style Honey Glazed Carrots with Sage Butter, 12 oz Bag (Frozen Vegetables)",Packaged Side Dishes,3.13,$3.13,26.1 ¢/oz
"Great Value Three Cheese Potatoes, 5 oz",Packaged Side Dishes,1.22,$1.22,24.4 ¢/oz
"Great Value Diced Sweet Potatoes, 10 oz (Frozen)",Frozen Vegetables,1.82,$1.82,18.2 ¢/oz
"Birds Eye Broccoli & Cauliflower Au Gratin Bake, Frozen Side, 13 oz.",Packaged Meals,3.97,$3.97,30.5 ¢/oz
"Birds Eye Steamfresh Brussels Sprouts, Frozen Vegetables, 10.8 oz. Bag",Frozen Vegetables,1.76,$1.76,16.3 ¢/oz
"Stove Top Cornbread Stuffing Mix Side Dish, 6 oz Box",Packaged Side Dishes,2.96,$2.96,49.3 ¢/oz
"Idahoan Four Cheese Mashed Potatoes Family Size Side Dish, 8 oz",Packaged Side Dishes,2.82,$2.82,35.3 ¢/oz
"bettergoods Sweet Potato and Praline Casserole, 20 oz",Packaged Side Dishes,5.73,$5.73,28.7 ¢/oz
"Great Value Southern Style O' Brien Hash Browns with Onions & Peppers, 28 oz, Bag (Frozen)",Packaged Side Dishes,3.42,$3.42,12.2 ¢/oz
"Ben's Original Ready Rice Jasmine Rice, Easy Dinner Side, 8.5 Ounce Pouch",Rice,2.18,$2.18,25.6 ¢/oz
"Ore-Ida Crispy Crinkles French Fried Potatoes, 32 oz Bag",Packaged Side Dishes,3.97,$3.97,12.4 ¢/oz
"Ore-Ida Extra Crispy Fast Food French Fries French Fried Potatoes, 26 oz Bag",Packaged Side Dishes,3.97,$3.97,15.3 ¢/oz
"Green Giant Simply Steam Brussels Sprouts Salt & Pepper, 9 oz Bag (Frozen Vegetables)",Packaged Side Dishes,1.96,$1.96,21.8 ¢/oz
"Idahoan Buttery Golden Selects Mashed Potatoes Side Dish, 4.1 oz",Packaged Side Dishes,1.27,$1.27,31.0 ¢/oz
"Betty Crocker Au Gratin Casserole Potatoes, Made with Real Cheese, 4 oz Box",Packaged Side Dishes,1.68,$1.68,42.0 ¢/oz
"Green Giant Simply Steam Garlic & Herb Vegetable Medley, 9.5 oz (Frozen Vegetables)",Packaged Side Dishes,1.96,$1.96,20.6 ¢/oz
"bettergoods Marinara and Parmesan Gnocchi, 16 oz (Frozen)",Packaged Side Dishes,4,$4.00,25.0 ¢/oz
"Stove Top Turkey Stuffing Mix Side Dish Twin Pack, 2 ct Pack, 6 oz Boxes",Bread Stuffing,5.17,$5.17,43.1 ¢/oz
"bettergoods Mediterranean Grilled Vegetables Mix, 20 oz (Frozen)",Packaged Side Dishes,4.24,$4.24,21.2 ¢/oz
"Great Value Shredded Hash Browns, 26 oz  Bag (Frozen)",Packaged Side Dishes,3.42,$3.42,13.2 ¢/oz
"Green Giant Simply Steam Broccoli, Carrots, Cauliflower & Cheese Sauce, 10 oz Bag (Frozen Vegetables)",Packaged Side Dishes,1.96,$1.96,19.6 ¢/oz
"Birds Eye Creamy Spinach Bake, Frozen Side, 13 oz. Box",Vegetable Dips,4.17,$4.17,32.1 ¢/oz
"Freshness Guaranteed Ready-to-Serve Garden Pasta Salad (14 Ounce, 1 Count), Fresh",Packaged Salads,3.74,$3.74,26.7 ¢/oz
"Idahoan Baby Reds Mashed Potatoes Family Size Side Dish, 8.2 oz",Packaged Side Dishes,2.82,$2.82,34.4 ¢/oz
"Old El Paso Spanish Style Rice Mix, Side Dish, 7.6 oz",Packaged Meals,2.18,$2.18,28.7 ¢/oz
"Great Value Sweet Potato Fries, 20 oz Bag (Frozen)",Packaged Side Dishes,3.28,$3.28,16.4 ¢/oz
"Great Value Buttery Complete Potatoes, 4 oz, Pouch",Packaged Side Dishes,1,$1.00,25.0 ¢/oz
"Bob Evans Gluten-Free Sour Cream & Chives Mashed Potatoes, 24 oz Tray",Packaged Side Dishes,3.92,$3.92,16.3 ¢/oz
"Birds Eye Sour Cream & Chives Mashed Cauliflower, Frozen Sides, 12 oz. Box",Packaged Side Dishes,3.12,$3.12,26.0 ¢/oz
"Idahoan Smokey Cheese & Bacon Mashed Potatoes Side Dish, 4 oz",Packaged Side Dishes,1.27,$1.27,31.8 ¢/oz
"Velveeta Shells and Cheese Mac and Cheese, 4 Cups, for Easy Snack or Dinner Side, Original Flavor, 2.39 oz",Packaged Meals,4.92,$4.92,51.5 ¢/oz
"Freshness Guaranteed Premium Loaded Potato Salad, Ready to Serve Small Tub, 16 oz (Refrigerated)",Packaged Side Dishes,3.47,$3.47,21.7 ¢/oz
"Kraft Mac and Cheese, 4 Cups, for Easy Dinner or Dinner Sides, Original Flavor, No Artificial Flavors, Preservatives or Dyes, 2.05 oz",Packaged Meals,4.92,$4.92,60.0 ¢/oz
"Idahoan Au Gratin Homestyle Casserole Side Dish, 4 oz",Packaged Side Dishes,1.52,$1.52,38.0 ¢/oz
"Freshness Guaranteed Hot, Ready-to-Eat Potato Wedges, Family Size Side, 16 oz, 1 Count",Packaged Side Dishes,3.84,$3.84,$3.84/lb
"Idahoan Loaded Baked + Protein Mashed Potatoes, 4 servings",Packaged Side Dishes,1.98,$1.98,43.0 ¢/oz
"Birds Eye Broccoli Florets, Frozen Vegetables, 52 oz. Bag",Frozen Vegetables,7.27,$7.27,14.0 ¢/oz
"Idahoan Idahoan Buttery Homestyle + Protein Mashed Potatoes, 4 servings",Packaged Side Dishes,1.98,$1.98,43.0 ¢/oz
"(8 pack) Idahoan Butter & Herb Mashed Potatoes Side Dish, 4 oz",Packaged Side Dishes,10.16,$10.16,31.8 ¢/oz
"Freshness Guaranteed Premium Loaded Potato Salad, Ready to Serve, 32 oz Tub (Refrigerated)",Packaged Side Dishes,4.77,$4.77,14.9 ¢/oz
"Birds Eye Steamfresh Sauced Cheesy Broccoli, Frozen Vegetables, 10.8 oz. Bag",Frozen Vegetables,2.88,$2.88,26.7 ¢/oz
"Birds Eye Steamfresh Whole Green Beans, Frozen Vegetables, 10.8 oz. Bag",Frozen Vegetables,1.76,$1.76,16.3 ¢/oz
"Green Giant Simply Steam Tuscan Seasoned Broccoli, 9 oz Bag (Frozen Vegetables)",Frozen Vegetables,1.96,$1.96,21.8 ¢/oz
"Great Value Thin Cut French Fried Potatoes, 26 oz Bag (Frozen)",Packaged Side Dishes,2.97,$2.97,11.4 ¢/oz
"bettergoods Asparagus Asiago Risotto, 16 oz (Frozen)",Packaged Side Dishes,4.98,$4.98,31.1 ¢/oz
"Idahoan Butter & Herb Mashed Potatoes Family Size Side Dish, 8 oz",Packaged Side Dishes,2.82,$2.82,35.3 ¢/oz
"Hamburger Helper Three Cheese Pasta, 6 oz Box",Packaged Meals,1.84,$1.84,30.7 ¢/oz
"Birds Eye Steamfresh Carrots, Broccoli and Cauliflower, Frozen Vegetables, 10.8 oz. Bag",Frozen Vegetables,1.76,$1.76,16.3 ¢/oz
"Stove Top Low Sodium Chicken Stuffing Mix Side Dish with 25% Less Sodium, 6 oz Box",Packaged Side Dishes,2.96,$2.96,49.3 ¢/oz
Arby's Seasoned Curly Fries 40 oz,Packaged Side Dishes,7.42,$7.42,18.6 ¢/oz
"Birds Eye Fire Roasted Corn, Frozen Vegetables, 12 oz. Bag",Frozen Vegetables,3.97,$3.97,33.1 ¢/oz
"Reser's Main St Bistro Baked Scalloped Potatoes, 20 oz Tray (Refrigerated)",Packaged Side Dishes,5.48,$5.48,27.4 ¢/oz
"Bob Evans Gluten-Free Single Serve Original Mashed Potatoes, 12 oz, 2 Ct Cups",Packaged Meals,3.97,$3.97,33.1 ¢/oz
"Betty Crocker Scalloped Casserole Potatoes, Made with Real Cheese, 4 oz Box",Packaged Side Dishes,1.68,$1.68,42.0 ¢/oz
"Ore-Ida Crispy Mini Tater Tots Seasoned Shredded Potatoes, 28 oz Bag",Packaged Side Dishes,4.47,$4.47,16.0 ¢/oz
"Strong Roots Cauliflower Hash Brown Patties, 13.22 oz (Frozen)",Packaged Meals,5.62,$5.62,42.6 ¢/oz
"Ore-Ida Diced Hash Brown Frozen Potatoes, 32 oz Bag",Packaged Side Dishes,4.47,$4.47,14.0 ¢/oz
"(6 pack) Idahoan Loaded Baked Mashed Potatoes Family Size Side Dish, 8 oz",Packaged Side Dishes,16.92,$16.92,35.3 ¢/oz
"Ore-Ida Classic Thick Cut Steak French Fries French Fried Potatoes, 28 oz Bag",Packaged Side Dishes,3.97,$3.97,14.2 ¢/oz
"Birds Eye Garlic Parmesan Cauliflower Wings, Frozen Vegetables, 13.25 oz. Bag",Frozen Vegetables,4.17,$4.17,31.4 ¢/oz
"GOYA Frozen Sweet Plantains, 11oz Box",Packaged Side Dishes,4.17,$4.17,37.9 ¢/oz
"Green Giant Restaurant Style Asparagus, Potatoes & Onions, 10.5 oz Bag (Frozen Vegetables)",Packaged Side Dishes,3.13,$3.13,29.8 ¢/oz
"Great Value Four Cheese Complete Potatoes, 4 oz",Packaged Side Dishes,1,$1.00,25.0 ¢/oz
"Great Value Southern Hash Browns, 32 oz Bag (Frozen)",Packaged Side Dishes,3.42,$3.42,10.7 ¢/oz
"Idahoan Roasted Garlic +Protein Mashed Potatoes, 4 servings",Packaged Side Dishes,1.98,$1.98,43.0 ¢/oz
"Kraft Nickelodeon Paw Patrol Mac and Cheese, 4 Cups, for Easy Dinner or Dinner Sides, Original Flavor, No Artificial Flavors, Preservatives or Dyes, 1.9 oz",Packaged Meals,4.92,$4.92,64.7 ¢/oz
"(4 pack) Idahoan Cheesy Scalloped Homestyle Casserole Side Dish, 4 oz",Packaged Side Dishes,6.48,$6.48,40.5 ¢/oz
"Great Value Tater Tots, 80 oz",Packaged Side Dishes,6.98,$6.98,8.7 ¢/oz
"(2 pack) Idahoan Applewood Smoked Bacon Mashed Potatoes Side Dish, 4 oz",Packaged Side Dishes,2.54,$2.54,31.8 ¢/oz
Paw Patrol Waffle Fries 24 oz Bag,Packaged Side Dishes,4.86,$4.86,20.3 ¢/oz
"Kraft Deluxe Mac and Cheese, 4 Cups, for Easy Dinner or Dinner Sides, Original Flavor, No Artificial Flavors or Dyes, 2.39 oz",Packaged Meals,4.92,$4.92,51.5 ¢/oz
"Great Value Instant Mashed Potatoes, 9 oz",Packaged Side Dishes,1.32,$1.32,14.7 ¢/oz
"Birds Eye Steamfresh Broccoli and Cauliflower, Frozen Vegetables, 10.8 oz. Bag",Frozen Vegetables,1.76,$1.76,16.3 ¢/oz
"(4 pack) Knorr Pasta Sides Four Cheese Fusilli Pasta Made with No Artificial Flavors, 4.1 Oz Pouch",Packaged Side Dishes,4.96,$4.96,30.2 ¢/oz
"(2 pack) Idahoan Au Gratin Homestyle Casserole Side Dish, 4 oz",Packaged Side Dishes,3.04,$3.04,38.0 ¢/oz
"Idahoan Buttery Homestyle Mashed Potato Cups, 1.5 oz, 8 Count",Packaged Side Dishes,8.98,$8.98,74.8 ¢/oz
"bettergoods Sorrentina Sauce Gnocchi, 16 oz (Frozen)",Packaged Side Dishes,3.86,$3.86,24.1 ¢/oz
"Rice-A-Roni Long Grain & Wild Rice Mix Packaged Meal, 4.3 oz Shelf-Stable Box",Packaged Meals,1.38,$1.38,32.1 ¢/oz
"Idahoan Loaded Baked Mashed Potatoes, 1.5 oz Cups, 4 Pack",Packaged Side Dishes,5.17,$5.17,86.2 ¢/oz
"Green Giant Veggie Spirals Zucchini, Gluten Free, 12 oz Bag (Frozen Vegetables)",Packaged Side Dishes,3.86,$3.86,32.2 ¢/oz
"(4 pack) Knorr Pasta Sides Chicken Flavor Fettuccine Made with No Artificial Flavors, 4.3 Oz Pouch",Packaged Side Dishes,4.96,$4.96,28.8 ¢/oz
"Hungry Jack Hashbrown Potatoes, 4.2 oz pint carton",Packaged Side Dishes,1.73,$1.73,41.2 ¢/oz
"(2 pack) Idahoan Smokey Cheese & Bacon Mashed Potatoes Side Dish, 4 oz",Packaged Side Dishes,2.54,$2.54,31.8 ¢/oz
"(8 pack) Knorr Pasta Sides Four Cheese Fusilli Pasta Made with No Artificial Flavors, 4.1 Oz Pouch",Packaged Side Dishes,9.92,$9.92,30.2 ¢/oz
"Idahoan Original Mashed Potatoes Side Dish, 26.2 oz",Packaged Side Dishes,4.74,$4.74,18.1 ¢/oz
"bettergoods Cheesy Grits Casserole, 20 oz",Packaged Side Dishes,5.73,$5.73,28.7 ¢/oz
"Great Value Instant Mashed Potatoes, 26.7 oz, Box",Packaged Side Dishes,3.84,$3.84,14.4 ¢/oz
"McCain Spicy Straight Cut French Fries, 26 oz. (Frozen Bag)",Packaged Side Dishes,3.42,$3.42,13.2 ¢/oz
"Idahoan Roasted Garlic Mashed Potatoes Cups, 1.5 oz, 4 Count",Packaged Side Dishes,5.17,$5.17,86.2 ¢/oz
"(6 pack) Kraft Deluxe Mac and Cheese, 4 Cups, for Easy Dinner or Dinner Sides, Original Flavor, No Artificial Flavors or Dyes, 2.39 oz",Packaged Meals,29.52,$29.52,51.5 ¢/oz
"(3 pack) Velveeta Shells and Cheese Mac and Cheese, 4 Cups, for Easy Snack or Dinner Side, Original Flavor, 2.39 oz",Packaged Meals,14.76,$14.76,51.3 ¢/oz
"Green Giant Riced Veggies, Cauliflower Medley, Gluten Free, 10 oz Bag (Frozen Vegetables)",Packaged Side Dishes,2.47,$2.47,24.7 ¢/oz
"Ore-Ida Crispy Tater Tots Seasoned Shredded Frozen Potatoes, 32 oz Bag",Packaged Side Dishes,4.47,$4.47,14.0 ¢/oz
"Annie's Macaroni and Classic Cheddar with Organic Pasta, Made with Real Cheese, 6 oz",Packaged Meals,1.44,$1.44,24.0 ¢/oz
"Birds Eye Normandy Blend, Frozen Vegetables Mix, 60 oz. Bag",Frozen Vegetables,7.27,$7.27,12.1 ¢/oz
"Great Value Regular Cut French Fried Potatoes, 32 oz Bag (Frozen)",Packaged Side Dishes,2.97,$2.97,9.3 ¢/oz
"(8 pack) Knorr Pasta Sides Alfredo Fettuccine Made with No Artificial Flavors, 4.4 Oz Pouch",Packaged Meals,9.92,$9.92,28.2 ¢/oz
"Ore-Ida Shredded Hash Brown Potatoes, 30 oz Bag",Packaged Side Dishes,4.47,$4.47,14.9 ¢/oz
"(2 pack) Stove Top Stuffing Mix for Turkey, 6 oz Box",Packaged Side Dishes,5.92,$5.92,49.3 ¢/oz
"Hamburger Helper Pasta Cheesy Italian Shells Value Size, 9.9 Ounces Box.",Packaged Meals,2.73,$2.73,27.6 ¢/oz
"Great Value Microwavable Buttery Flavored Mashed Potato, 1.5 oz Cup, 4 Count",Packaged Side Dishes,3.86,$3.86,64.3 ¢/oz
"Freshness Guaranteed Original Ready-to-Serve Potato Salad Picnic Tub, 48 oz, 1 Count (Refrigerated)",Packaged Side Dishes,5.97,$5.97,12.4 ¢/oz
"Kraft Mac and Cheese, 4 Cups, for Easy Dinner or Dinner Sides, Triple Cheese, No Artificial Flavors, Preservatives or Dyes, 2.05 oz",Packaged Meals,4.92,$4.92,60.0 ¢/oz
"Ore-Ida Golden Waffle French Fries Fried Frozen Potatoes, 22 oz Bag",Packaged Side Dishes,3.97,$3.97,18.0 ¢/oz
"(3 pack) Kraft Deluxe Mac and Cheese, 4 Cups, for Easy Dinner or Dinner Sides, Original Flavor, No Artificial Flavors or Dyes, 2.39 oz",Packaged Meals,14.76,$14.76,51.5 ¢/oz
"Ore-Ida Crispy Crinkles French Fried Potatoes Value Size, 5 lb Bag",Packaged Side Dishes,7.37,$7.37,9.2 ¢/oz
"Hamburger Helper Four Cheese Lasagna, 5.5 oz Box",Packaged Meals,1.84,$1.84,33.5 ¢/oz
"Great Value Seasoned French Fried Potatoes, 64 oz, Bag (Frozen)",Packaged Side Dishes,5.94,$5.94,9.3 ¢/oz
Great Value Instant Mashed Potatoes 13.75 oz Box,Packaged Side Dishes,1.97,$1.97,14.3 ¢/oz
"Birds Eye California Blend with Carrots, Broccoli, Cauliflower, Frozen Vegetables, 60 oz. Bag",Frozen Vegetables,7.27,$7.27,12.1 ¢/oz
"Green Giant Riced Veggies Cauliflower, Gluten Free, 10 oz (Frozen Vegetables)",Frozen Vegetables,2.47,$2.47,24.7 ¢/oz
"(2 pack) Idahoan Cheddar & Sour Cream Mashed Potatoes Side Dish, 4 oz",Packaged Side Dishes,2.54,$2.54,31.8 ¢/oz
"(3 pack) Stove Top Stuffing Mix, 1 Box, for Dinner Sides and Thanksgiving Dinner, Chicken, 6 oz",Packaged Side Dishes,8.88,$8.88,49.3 ¢/oz
"HORMEL COMPLEATS Chili w/Beans, No Artificial Ingredients, 10 oz Plastic Microwave Tray",Packaged Side Dishes,2.52,$2.52,25.2 ¢/oz
"(6 pack) Ben's Original Ready Rice Jasmine Rice, Easy Dinner Side, 8.5 Ounce Pouch",Rice,13.08,$13.08,25.6 ¢/oz
"Ore-Ida Crispy Tater Tots Seasoned Shredded Potatoes Value Size, 5 lb Bag",Packaged Side Dishes,7.97,$7.97,10.0 ¢/oz
"Ore-Ida Extra Crispy Fast Food French Fries French Fried Frozen Potatoes Value Size, 4 lb Bag",Packaged Side Dishes,7.37,$7.37,11.5 ¢/oz
Checkers/Rally's Famous Seasoned Fries 48 oz,Packaged Side Dishes,7.42,$7.42,15.5 ¢/oz
"(2 pack) Stove Top Low Sodium Chicken Stuffing Mix Side Dish with 25% Less Sodium, 6 oz Box",Packaged Side Dishes,5.92,$5.92,49.3 ¢/oz
"Ore-Ida Crispy Straight-Cut Fries, French Fried Potatoes, Value Size, 5 lb Bag",Packaged Side Dishes,7.37,$7.37,9.2 ¢/oz
"(4 pack) Knorr Pasta Sides Alfredo Fettuccine Made with No Artificial Flavors, 4.4 Oz Pouch",Packaged Meals,4.96,$4.96,28.2 ¢/oz
"Great Value Shredded Hash Browns, 4 lbs Bag (Frozen)",Packaged Side Dishes,6.87,$6.87,10.7 ¢/oz
"(2 pack) Idahoan Baby Reds Mashed Potatoes with Roasted Garlic & Parmesan Side Dish, 4.1 oz",Packaged Side Dishes,2.54,$2.54,31.0 ¢/oz
Paw Patrol Shaped Tots 24 oz Bag,Packaged Side Dishes,4.86,$4.86,20.3 ¢/oz
"Idahoan 13.75 oz Original Mashed Potatoes, 13.75 oz",Packaged Side Dishes,2.68,$2.68,19.5 ¢/oz
"Green Giant Nibblers Corn on The Cob, 12 Count Bag (Frozen Vegetables)",Packaged Side Dishes,5.18,$5.18,20.1 ¢/oz
"(6 pack) Maruchan Instant Lunch Ramen Noodles, Beef Flavor, Shelf Stable, 2.25 oz Cup",Packaged Side Dishes,3.72,$3.72,27.0 ¢/oz
"Idahoan Four Cheese Mashed Potatoes, 1.5 oz Cups, 4 Pack",Packaged Side Dishes,5.17,$5.17,86.2 ¢/oz
"(2 pack) Old El Paso Spanish Style Rice Mix, Side Dish, 7.6 oz",Packaged Meals,4.36,$4.36,28.7 ¢/oz
"(12 pack) Maruchan Instant Lunch Chicken Flavor Ramen Noodles, 2.25 oz, 6 Count Shelf Stable Cup",Packaged Meals,6.84,$6.84,4.2 ¢/oz
"(6 pack) Kraft Mac and Cheese, 4 Cups, for Easy Dinner or Dinner Sides, Original Flavor, No Artificial Flavors, Preservatives or Dyes, 2.05 oz",Packaged Meals,29.52,$29.52,60.0 ¢/oz
"Quaker Yellow Enriched and Degerminated Corn Meal, 24 oz. Canister",Packaged Meals,3.12,$3.12,13.0 ¢/oz
"(2 pack) Idahoan Buttery Homestyle Mashed Potatoes Family Size Pantry Food, 8 oz",Packaged Side Dishes,5.64,$5.64,35.3 ¢/oz
"Great Value Crinkle Cut French Fried Potatoes, 80 oz Bag (Frozen)",Packaged Side Dishes,7.14,$7.14,8.9 ¢/oz
"(2 pack) Bruce's Yams Cut Sweet Potatoes in Syrup, Canned Vegetables, 40 oz",Canned & Jarred Vegetables,2,$2.00,2.5 ¢/oz
"Birds Eye Sweet Corn, Frozen Vegetables, 80 oz. Bag",Frozen Vegetables,7.27,$7.27,9.1 ¢/oz
(3 pack) Great Value Instant Mashed Potatoes 13.75 oz Box,Packaged Side Dishes,5.91,$5.91,14.3 ¢/oz
"(8 pack) Great Value Chicken-Flavored Stuffing Mix, 6 oz",Packaged Side Dishes,8,$8.00,16.7 ¢/oz
"(2 pack) Stove Top Stuffing Mix for Chicken Twin Pack, 12 oz Box",Packaged Side Dishes,10.34,$10.34,43.1 ¢/oz
"(8 pack) Great Value Turkey Flavored Stuffing Mix, 6 oz",Packaged Side Dishes,8,$8.00,16.7 ¢/oz
"(4 pack) Kraft Mac and Cheese, 4 Cups, for Easy Dinner or Dinner Sides, Triple Cheese, No Artificial Flavors, Preservatives or Dyes, 2.05 oz",Packaged Meals,19.68,$19.68,60.0 ¢/oz
"(6 pack) Idahoan Baby Reds Mashed Potatoes Family Size Side Dish, 8.2 oz",Packaged Side Dishes,16.92,$16.92,34.4 ¢/oz
"(4 pack) Idahoan Buttery Homestyle Mashed Potatoes , 4 oz",Packaged Side Dishes,5.08,$5.08,31.8 ¢/oz
"Birds Eye Mixed Vegetables, Corn, Carrots, Green Beans & Peas, Frozen Vegetables, 80 oz. Bag",Frozen Vegetables,7.27,$7.27,9.1 ¢/oz
"(6 pack) Suddenly Salad Caesar Pasta Salad Mix with Red Peppers & Croutons, 7.25 oz Box",Packaged Side Dishes,15.48,$15.48,35.6 ¢/oz
"(4 pack) Great Value Roasted Garlic Complete Potatoes, 4 oz",Packaged Side Dishes,4,$4.00,25.0 ¢/oz
"(2 pack) Great Value Microwavable Buttery Flavored Mashed Potato, 1.5 oz Cup, 4 Count",Packaged Side Dishes,7.72,$7.72,64.3 ¢/oz
"(2 pack) Idahoan Buttery Homestyle Mashed Potatoes Cups, 1.5 oz, 4 Count",Packaged Side Dishes,10.34,$10.34,86.2 ¢/oz
Michelina's Five Cheese Ziti Meal 8.5oz (Frozen Dinner),Packaged Meals,1.18,$1.18,13.9 ¢/oz
"Great Value Gluten-Free Stroganoff Dinner Kit, 11.6 oz",Packaged Meals,3.64,$3.64,31.4 ¢/oz
"Freshness Guaranteed Fresh White Meat Chicken Salad with Cranberries, Celery, and Pecans, 12 oz",Packaged Salads,5.94,$5.94,49.5 ¢/oz
"Great Value Hash Brown Sticks, Shredded Potatoes, 22 oz (Frozen)",Packaged Side Dishes,3.42,$3.42,15.5 ¢/oz
"Marketside Ready to Heat Side Homestyle Mashed Potatoes Tray, 24 oz",Packaged Side Dishes,2.97,$2.97,12.4 ¢/oz
"(6 pack) Marketside Ready to Heat Side Homestyle Mashed Potatoes Tray, 24 oz",Packaged Side Dishes,17.82,$17.82,12.4 ¢/oz
"Great Value Club Soda, 7.5 fl oz, 6 Cans",Soda Pop,3.34,$3.34,7.4 ¢/fl oz
"Great Value Mountain Lightning Citrus Flavored Soda Pop, 2 Liter Bottle",Soda Pop,1,$1.00,1.5 ¢/fl oz
"Squirt Caffeine Free Grapefruit Soda Pop, 2 L, Bottle",Soda Pop,1.66,$1.66,2.5 ¢/fl oz
"(2 pack) Jarritos Variety Pack Soda, 12.5 fl oz (370 ml) Glass Bottle, 12 Pack",Soda Pop,22.36,$22.36,7.5 ¢/fl oz
"Cantaritos Jarritos Variety Pack Hard Soda 12 Pack, 12 fl oz Glass Bottles, 5% ABV",Coolers & Flavored Alcoholic Beverages,16.22,$16.22,11.3 ¢/fl oz
"Cactus Cooler Orange Pineapple Soda Pop, 12 fl oz, 12 Pack Cans",Soda Pop,7.92,$7.92,5.5 ¢/fl oz
"PR Squirt Caffeine Free Grapefruit Soda Pop, 12 fl oz, 12 Pack Cans",Soda Pop,7.92,$7.92,5.5 ¢/fl oz
"Squirt Zero Sugar Grapefruit Soda Pop, 12 fl oz, 12 Pack Cans",Soda Pop,7.92,$7.92,5.5 ¢/fl oz
"Squirt Caffeine Free Grapefruit Soda Pop, 16.9 fl oz, 6 Pack Bottles",Soda Pop,3.77,$3.77,3.7 ¢/fl oz
"Squirt Caffeine Free Grapefruit Soda Pop, 7.5 fl oz, 10 Pack Cans",Soda Pop,4.64,$4.64,6.2 ¢/fl oz
"Squirt Caffeine Free Grapefruit Soda Pop, 20 fl oz, Bottle",Soda Pop,2.24,$2.24,11.2 ¢/fl oz
"Canada Dry Caffeine Free Zero Sugar Fruit Splash Cherry Ginger Ale Soda Pop, 12 fl oz, 12 Pack Cans",Soda Pop,7.92,$7.92,5.5 ¢/fl oz
"Squirt Caffeine Free Grapefruit Soda Pop, 12 fl oz, 24 Pack Cans",Soda Pop,12.67,$12.67,4.4 ¢/fl oz
"Squirt Caffeine Free Grapefruit Soda Pop, 12 fl oz, 8 Pack Bottles",Soda Pop,5.96,$5.96,6.2 ¢/fl oz
"7UP Caffeine Free Zero Sugar Lemon Lime Soda Pop, 16.9 fl oz, 6 Pack Bottles",Soda Pop,3.77,$3.77,3.7 ¢/fl oz
"Sprite Lemon Lime Soda Pop, 16.9 fl oz, 6 Pack Bottles",Soda Pop,5.28,$5.28,5.2 ¢/fl oz
"Jarritos Mandarin Soda, 1.58 qt",Soda Pop,1.67,$1.67,3.3 ¢/fl oz
"Coca-Cola Cherry Soda Pop, 16.9 fl oz, 6 Pack Bottles",Soda Pop,5.28,$5.28,5.2 ¢/fl oz
"7UP Caffeine Free Lemon Lime Soda Pop, 20 fl oz, Bottle",Soda Pop,2.24,$2.24,11.2 ¢/fl oz
"Sprite Lemon Lime Mini Soda Pop Soft Drink, 7.5 fl oz, 6 Pack Cans",Soda Pop,4.82,$4.82,10.7 ¢/fl oz
"Coca-Cola Soda Pop Bottles, 16.9 fl oz, 6 pack",Soda Pop,5.28,$5.28,5.2 ¢/fl oz
"7UP Caffeine Free Zero Sugar Lemon Lime Soda Pop, 2 L, Bottle",Soda Pop,1.66,$1.66,2.5 ¢/fl oz
"Coca-Cola Zero Sugar Cherry Diet Soda Soft Drink, 16.9 fl oz, 6 Pack",Soda Pop,5.28,$5.28,5.2 ¢/fl oz
"Sprite Lemon Lime Soda Pop, 1.25 Liter Bottle",Soda Pop,1.82,$1.82,4.3 ¢/fl oz
JFC Ramune Melon 12/6.76 fz,Soda Pop,2.44,$2.44,35.9 ¢/fl oz
"Dr Pepper Soda Pop, 16.9 fl oz, 6 Pack Bottles",Soda Pop,5.28,$5.28,5.2 ¢/fl oz
"A&W Zero Sugar Root Beer Soda Pop, 16.9 fl oz, 6 Pack Bottles",Soda Pop,3.77,$3.77,3.7 ¢/fl oz
"Diet Coke Soda Pop Bottles, 16.9 fl oz, 6 pack",Soda Pop,5.28,$5.28,5.2 ¢/fl oz
"Sprite Zero Sugar Lemon Lime Soda Pop, 16.9 fl oz, 6 Pack Bottles",Soda Pop,5.28,$5.28,5.2 ¢/fl oz
"Sidral Mundet Apple Soda, 1.58 qt (1.5 Liter), 1 Count",Soda Pop,1.67,$1.67,3.3 ¢/fl oz
"Coca-Cola Zero Sugar Soda Pop Bottles, 16.9 fl oz, 6 pack",Soda Pop,5.28,$5.28,5.2 ¢/fl oz
"Schweppes Caffeine Free Club Soda, 1 L, Bottle",Sparkling Water,1.48,$1.48,4.4 ¢/fl oz
"Sam's Cola Soda, 2 Liter Bottle",Soda Pop,1,$1.00,1.5 ¢/fl oz
"Canada Dry Caffeine Free Ginger Ale Soda Pop, 20 fl oz, Bottle",Soda Pop,2.44,$2.44,12.2 ¢/fl oz
"Pepsi Soda Cola 16.9 fl oz, 6 Count",Soda Pop,5.28,$5.28,5.2 ¢/fl oz
"OLIPOP Prebiotic Soda, Orange Squeeze, 12 fl oz, Refrigerated",Soda Pop,2.38,$2.38,19.8 ¢/fl oz
"Dr Pepper Soda Pop, 20 fl oz, Bottle",Soda Pop,2.38,$2.38,11.9 ¢/fl oz
"Coca-Cola Soda Pop, 2 Liters Bottle",Soda Pop,2.28,$2.28,3.4 ¢/fl oz
"Fanta Strawberry Soda Pop, 20 fl oz Bottle",Soda Pop,2.48,$2.48,12.4 ¢/fl oz
"Pepsi Cola Wild Cherry Soda Pop, 16.9 fl oz, 6 Pack Bottles",Soda Pop,5.28,$5.28,5.2 ¢/fl oz
"A&W Root Beer Soda Pop, 20 fl oz, Bottle",Soda Pop,2.24,$2.24,11.2 ¢/fl oz
"Starry Lemon Lime Soda Pop, 20 fl oz, Bottle",Soda Pop,2.38,$2.38,11.9 ¢/fl oz
"Mug Caffeine-Free Root Beer Soda Pop, 20 fl oz Bottle",Soda Pop,2.38,$2.38,11.9 ¢/fl oz
"Canada Dry Caffeine Free Ginger Ale Soda Pop, 2 L, Bottle",Soda Pop,1.66,$1.66,2.5 ¢/fl oz
"7UP Zero Sugar Lemon Lime Soda Pop, 7.5 fl oz, 10 Pack Cans",Soda Pop,4.64,$4.64,6.2 ¢/fl oz
"Pepsi Cola Soda Pop, 2 Liter Bottle",Soda Pop,2,$2.00,3.0 ¢/fl oz
"Crush Caffeine Free Orange Soda Pop, 2 L, Bottle",Soda Pop,2,$2.00,3.0 ¢/fl oz
"Mountain Dew Citrus Soda Pop, 16.9 fl oz, 12 Pack Bottles",Soda Pop,8.62,$8.62,4.3 ¢/fl oz
"Coca-Cola Zero Sugar Soda Pop Bottle, 1.25 Liters",Soda Pop,1.82,$1.82,4.3 ¢/fl oz
"Dr Pepper Soda Pop, 2 L, Bottle",Soda Pop,2,$2.00,3.0 ¢/fl oz
"7UP Tropical Zero Sugar Caffeine Free Lemon Lime Mango Peach Soda Pop, 12 fl oz, 12 Pack Cans",Soda Pop,7.92,$7.92,5.5 ¢/fl oz
"A&W Zero Sugar Root Beer Soda Pop, 2 L, Bottle",Soda Pop,1.66,$1.66,2.5 ¢/fl oz
"Crush Caffeine Free Grape Soda Pop, 2 L, Bottle",Soda Pop,2,$2.00,3.0 ¢/fl oz
"Mountain Dew The Original Soda Pop, 16.9 fl oz, 6 Pack Bottles",Soda Pop,5.28,$5.28,5.2 ¢/fl oz
"Diet Dr Pepper Soda Pop, 16.9 fl oz, 6 Pack Bottles",Soda Pop,5.28,$5.28,5.2 ¢/fl oz
"Great Value Dr Thunder Diet Calorie Free Cola Soda, 2 Liter Bottle",Soda Pop,1,$1.00,1.5 ¢/fl oz
"Pepsi Cola Zero Sugar Soda Pop, 20 fl oz, Bottle",Soda Pop,2.38,$2.38,11.9 ¢/fl oz
"(2 pack) Sidral Mundet Apple Soda, 1.58 qt (1.5 Liter), 1 Count",Soda Pop,3.34,$3.34,3.3 ¢/fl oz
"Diet Coke Soda Pop Bottle, 1.25 Liters",Soda Pop,1.82,$1.82,4.3 ¢/fl oz
"Pepsi Cola Soda Pop, 16.9 fl oz, 12 Pack Bottles",Soda Pop,8.62,$8.62,4.3 ¢/fl oz
"Mountain Dew Citrus Soda Pop, 20 fl oz Bottle",Soda Pop,2.38,$2.38,11.9 ¢/fl oz
"Fanta Orange Soda Pop, 20 fl oz Bottle",Soda Pop,2.48,$2.48,12.4 ¢/fl oz
"Coca-Cola Soda Pop Fridge Pack Mini Cans, 7.5 fl oz, 10 Pack",Soda Pop,6.94,$6.94,9.3 ¢/fl oz
"Fanta Orange Soda Pop Fridge Pack, 7.5 fl oz, 10 Pack Mini Cans",Soda Pop,6.94,$6.94,9.3 ¢/fl oz
"Mountain Dew Soda Pop, Baja Blast, 16.9 fl oz Bottles, 6 Count",Soda Pop,5.28,$5.28,5.2 ¢/fl oz
"Great Value Tonic Water, 33.8 fl oz Bottle",Tonic Water,0.97,$0.97,2.9 ¢/fl oz
"Great Value Tonic Water, 7.5 fl oz, 6 Pack Cans",Tonic Water,3.34,$3.34,7.4 ¢/fl oz
"Sprite Diet Zero Sugar Lemon Lime Mini Soda Pop Soft Drink, 7.5 fl oz, 10 Pack Cans",Soda Pop,6.94,$6.94,9.3 ¢/fl oz
"Dr Pepper Soda Pop, 12 fl oz, 24 Pack Cans",Soda Pop,11.98,$11.98,4.2 ¢/fl oz
"Coca-Cola Soda Pop Mini Cans, 7.5 fl oz, 6 Pack",Soda Pop,4.82,$4.82,10.7 ¢/fl oz
"Fanta Orange Soda Pop, 12 fl oz, 6 Pack Bottles",Soda Pop,3.97,$3.97,5.5 ¢/fl oz
Mug Root Beer Soda 2 Liter Plastic Bottle,Soda Pop,2,$2.00,3.0 ¢/fl oz
"Barq's Root Beer Bottles, 12 fl oz, 6 Pack",Soda Pop,3.97,$3.97,5.5 ¢/fl oz
"Diet Pepsi Cola Soda Pop, 16.9 fl oz, 6 Pack Bottles",Soda Pop,5.28,$5.28,5.2 ¢/fl oz
"Schweppes Club Soda, 7.5 fl oz mini cans, 6 pack",Soda Pop,3.98,$3.98,8.8 ¢/fl oz
"Coca-Cola Cherry Soda Pop, 20 fl oz Bottle",Soda Pop,2.48,$2.48,12.4 ¢/fl oz
"Pepsi Cola Zero Sugar Soda Pop, 16.9 fl oz, 6 Pack Bottles",Soda Pop,5.28,$5.28,5.2 ¢/fl oz
"Fanta Orange Soda Pop, 2 Liter Bottle",Soda Pop,1.68,$1.68,2.5 ¢/fl oz
"Sam's Zero Sugar Cola Soda, 2 Liter Bottle",Soda Pop,1,$1.00,1.5 ¢/fl oz
"Dr Pepper Soda Pop, 16.9 fl oz, 12 Pack Bottles",Soda Pop,8.62,$8.62,4.3 ¢/fl oz
"Coca-Cola Cherry Mini Soda Pop Soft Drink, 7.5 fl oz, 6 Pack Cans",Soda Pop,4.82,$4.82,10.7 ¢/fl oz
"Great Value Dr Thunder, 2 Liter Bottle",Soda Pop,1,$1.00,1.5 ¢/fl oz
"Great Value Diet Tonic Water, 7.5 fl oz, 6 Pack Cans",Tonic Water,3.34,$3.34,7.4 ¢/fl oz
"Sprite Zero Sugar Lemon Lime Mini Soda Pop Soft Drink, 7.5 fl oz, 6 Pack Cans",Soda Pop,4.82,$4.82,10.7 ¢/fl oz
"Diet Dr Pepper Soda Pop, 2 L, Bottle",Soda Pop,2,$2.00,3.0 ¢/fl oz
"Dr Pepper Zero Sugar Soda Pop, 20 fl oz, Bottle",Soda Pop,2.38,$2.38,11.9 ¢/fl oz
"7UP Caffeine Free Lemon Lime Soda Pop, 12 fl oz, 12 Pack Cans",Soda Pop,7.92,$7.92,5.5 ¢/fl oz
"Sam's Cola Diet Soda, 2 Liter Bottle",Soda Pop,1,$1.00,1.5 ¢/fl oz
"Sunkist Orange Soda Pop, 12 fl oz, 12 Pack Cans",Soda Pop,7.92,$7.92,5.5 ¢/fl oz
"Sam's Cola Soda Pop, 12 fl oz, 12 Pack Cans",Soda Pop,4.46,$4.46,3.1 ¢/fl oz
"Diet Pepsi Cola Soda Pop, 20 fl oz Bottle",Soda Pop,2.38,$2.38,11.9 ¢/fl oz
"Crush Caffeine Free Strawberry Soda Pop, 12 fl oz, 12 Pack Cans",Soda Pop,7.97,$7.97,5.5 ¢/fl oz
"Mountain Dew Citrus Soda Pop, 2 Liter Bottle",Soda Pop,2,$2.00,3.0 ¢/fl oz
"Dr Pepper Soda Pop, 42.3 fl oz, Bottle",Soda Pop,1.48,$1.48,3.5 ¢/fl oz
"Simply Lemonade, 76 fl oz Bottle",Juices,3.98,$3.98,5.2 ¢/fl oz
"Minute Maid Lemonade Bottles, 12 fl oz, 6 Pack",Soda Pop,3.97,$3.97,5.5 ¢/fl oz
"7UP Caffeine Free Zero Sugar Lemon Lime Soda Pop, 12 fl oz, 12 Pack Cans",Soda Pop,7.92,$7.92,5.5 ¢/fl oz
"Pepsi Cola Wild Cherry Soda Pop, 2 Liter Bottle",Soda Pop,2,$2.00,3.0 ¢/fl oz
"Coca-Cola Zero Sugar Soda Pop Fridge Pack Mini Cans, 7.5 fl oz, 10 Pack",Soda Pop,6.94,$6.94,9.3 ¢/fl oz
"Fanta Orange Soda Pop, 7.5 fl oz, 6 Pack Mini Cans",Soda Pop,4.82,$4.82,10.7 ¢/fl oz
"Pepsi Cola Wild Cherry Soda Pop, 20 fl oz Bottle",Soda Pop,2.38,$2.38,11.9 ¢/fl oz
"Schweppes Caffeine Free Tonic Water, 1 L, Bottle",Tonic Water,1.48,$1.48,4.4 ¢/fl oz
"Diet Coke Diet Cola Soda Pop, 2 Liters Bottle",Soda Pop,2.28,$2.28,3.4 ¢/fl oz
"Diet Pepsi Cola Soda Pop, 2 Liter Size Bottle",Soda Pop,2,$2.00,3.0 ¢/fl oz
"MUG Root Beer Soda Pop, 12 fl oz, 12 Pack Cans",Soda Pop,7.97,$7.97,5.5 ¢/fl oz
"Diet Coke Soda Pop Bottle, 20 fl oz",Soda Pop,2.48,$2.48,12.4 ¢/fl oz
"Fresca Citrus Soda Pop Fridge Pack, 7.5 fl oz, 10 Pack Mini Cans",Soda Pop,6.94,$6.94,9.3 ¢/fl oz
"Great Value Ginger Ale, 7.5 fl oz, 6 Pack Cans",Soda Pop,2.86,$2.86,6.4 ¢/fl oz
"Sprite Winter Spiced Cranberry, Lemon Lime Soda Pop, 20 fl oz Bottle",Soda Pop,2.48,$2.48,12.4 ¢/fl oz
"Great Value Diet Tonic Water, 33.8 fl oz Bottle",Tonic Water,0.97,$0.97,2.9 ¢/fl oz
"Mountain Dew Baja Blast Tropical Lime Soda Pop, 16.9 fl. oz., 12 Count",Soda Pop,8.62,$8.62,4.3 ¢/fl oz
"Dr Pepper Soda Pop, 7.5 fl oz, 10 Pack Cans",Soda Pop,6.42,$6.42,8.6 ¢/fl oz
"Canada Dry Caffeine Free Ginger Ale Soda Pop, 7.5 fl oz, 10 Pack Cans",Soda Pop,4.64,$4.64,6.2 ¢/fl oz
"Simply Non GMO All Natural Raspberry Lemonade Raspberry, 52 fl oz Bottle",Juices,2.97,$2.97,5.7 ¢/fl oz
"Sunkist Zero Sugar Orange Soda Pop, 2 L, Bottle",Soda Pop,1.66,$1.66,2.5 ¢/fl oz
"Mountain Dew Baja Blast Tropical Lime & Citrus Soda Pop, 20 fl oz, Bottle",Soda Pop,2.38,$2.38,11.9 ¢/fl oz
"RC Cola Soda Pop, 12 fl oz, 12 Pack Cans",Soda Pop,7.92,$7.92,5.5 ¢/fl oz
"Crush Caffeine Free Orange Soda Pop, 12 fl oz, 12 Pack Cans",Soda Pop,7.97,$7.97,5.5 ¢/fl oz
"Fresca Grapefruit Citrus Soda Water Pop, 2 Liter Bottle",Soda Pop,1.68,$1.68,2.5 ¢/fl oz
"Sams Cola Soda Pop, 12 fl oz, 24 Pack Cans",Soda Pop,9.87,$9.87,3.4 ¢/fl oz
"Pepsi Cola Soda Pop, 12 oz Cans, 24 Pack",Soda Pop,11.98,$11.98,4.2 ¢/fl oz
"A&W Root Beer Soda Pop, 12 fl oz, 12 Pack Cans",Soda Pop,7.92,$7.92,5.5 ¢/fl oz
"Starry Zero Sugar Lemon Lime Soda Pop, 7.5 fl oz, 10 Pack Mini Cans",Soda Pop,6.42,$6.42,8.6 ¢/fl oz
"Fanta Pineapple Soda Pop, 12 fl oz, 6 Pack Bottles",Soda Pop,3.97,$3.97,5.5 ¢/fl oz
"Canada Dry Ginger Ale, 12 Fl Oz, 12 Count",Soda Pop,7.92,$7.92,5.5 ¢/fl oz
"Fanta Strawberry Soda Pop, 2 Liter Bottle",Soda Pop,1.68,$1.68,2.5 ¢/fl oz
"Fanta Pineapple Soda Pop, 2 Liter Bottle",Soda Pop,1.68,$1.68,2.5 ¢/fl oz
"Diet Coke Soda Pop Fridge Pack Mini Cans, 7.5 fl oz, 10 Pack",Soda Pop,6.94,$6.94,9.3 ¢/fl oz
"Sprite Zero Sugar Lemon Lime Soda Pop, 2 Liter Bottle",Soda Pop,2.28,$2.28,3.4 ¢/fl oz
"SunnyD Tangy Original Orange Juice Drink, 1 Gallon Bottle",Juices,3.68,$3.68,2.9 ¢/fl oz
"Pepsi Cola Real Sugar Soda Pop, 7.5 fl.oz 10 Pack Mini Cans",Soda Pop,6.42,$6.42,8.6 ¢/fl oz
"Pepsi Cola Soda Pop, 12 fl oz, 12 Pack Cans",Soda Pop,7.97,$7.97,5.5 ¢/fl oz
"Sams Cola Diet Soda Pop, 12 fl oz, 24 Pack Cans",Soda Pop,9.87,$9.87,3.4 ¢/fl oz
"Fanta Orange Soda Pop, 12 fl oz, 24 Pack Cans",Soda Pop,15.37,$15.37,5.3 ¢/fl oz
"Coca-Cola Soda Pop Cans, 12 fl oz, 24 Pack",Soda Pop,15.37,$15.37,5.3 ¢/fl oz
"Coca-Cola Zero Sugar Cherry Soda Pop, 20 fl oz Bottle",Soda Pop,2.48,$2.48,12.4 ¢/fl oz
"Canada Dry Caffeine Free Zero Sugar Ginger Ale Soda Pop, 12 fl oz, 12 Pack Cans",Soda Pop,7.92,$7.92,5.5 ¢/fl oz
"A&W Zero Sugar Cream Soda Pop, 12 fl oz, 12 Pack Cans",Soda Pop,7.92,$7.92,5.5 ¢/fl oz
"Crush Caffeine Free Orange Soda Pop, 12 fl oz, 24 Pack Cans",Soda Pop,11.98,$11.98,8.3 ¢/fl oz
"Diet Dr Pepper Soda Pop, 20 fl oz, Bottle",Soda Pop,2.38,$2.38,11.9 ¢/fl oz
"Diet Coke Soda Pop Mini Cans, 7.5 fl oz, 6 Pack",Soda Pop,4.82,$4.82,10.7 ¢/fl oz
"Coca-Cola Soda Pop Fridge Pack Cans, 12 fl oz, 12 pack",Soda Pop,8.57,$8.57,6.0 ¢/fl oz
"Fanta Strawberry Soda Pop, 12 fl oz, 6 Pack Bottles",Soda Pop,3.97,$3.97,5.5 ¢/fl oz
"Diet Coke Soda Fridge Pack Cans, 12 fl oz, 12 pack",Soda Pop,8.57,$8.57,6.0 ¢/fl oz
"Sunkist Zero Sugar Orange Soda Pop, 12 fl oz, 12 Pack Cans",Soda Pop,7.92,$7.92,5.5 ¢/fl oz
"IBC Soda, Cream, 12 Fl Oz",Soda Pop,4.97,$4.97,10.4 ¢/fl oz
"Coca-Cola Classic Soda Pop, 12 fl oz Bottles, 8 Pack",Soda Pop,6.42,$6.42,6.7 ¢/fl oz
"Diet Dr Pepper Soda Pop, 12 fl oz, 12 Pack Cans",Soda Pop,7.97,$7.97,5.5 ¢/fl oz
"Mountain Dew Zero Sugar Citrus Soda Pop, 16.9 fl oz, 6 Pack Bottles",Soda Pop,5.28,$5.28,5.2 ¢/fl oz
"Coca-Cola Cherry Soda Pop, 2 Liter Bottle",Soda Pop,2.28,$2.28,3.4 ¢/fl oz
"Sprite Lemon Lime Soda Pop, 12 fl oz, 8 Pack Bottles",Soda Pop,6.42,$6.42,6.7 ¢/fl oz
"Schweppes Tonic Water, 7.5 fl oz mini cans, 6 pack",Tonic Water,3.98,$3.98,8.8 ¢/fl oz
"7UP Caffeine Free Zero Sugar Cherry Soda Pop, 12 fl oz, 12 Pack Cans",Soda Pop,7.92,$7.92,5.5 ¢/fl oz
"Sprite Lemon Lime Soda Pop, 20 fl oz Bottle",Soda Pop,2.48,$2.48,12.4 ¢/fl oz
"Pepsi, Original Cola Soda Pop, 12 fl oz Bottles, 8 Pack",Soda Pop,6.32,$6.32,6.6 ¢/fl oz
"Pepsi Cola Zero Sugar Soda Pop, 2 Liter Size Bottle",Soda Pop,2,$2.00,3.0 ¢/fl oz
"Great Value Diet Mountain Lightning, 2 Liter Bottle",Soda Pop,1,$1.00,1.5 ¢/fl oz
"PR Pepsi Cola Soda Pop, 7.5 fl oz 10 Pack Mini Cans",Soda Pop,6.42,$6.42,8.6 ¢/fl oz
"Crush Caffeine Free Orange Soda Pop, 7.5 fl oz, 10 Pack Mini Cans",Soda Pop,6.42,$6.42,8.6 ¢/fl oz
"Mountain Dew Citrus Soda, 12 fl oz 24 Pack Cans",Soda Pop,11.98,$11.98,4.2 ¢/fl oz
"Sprite Lemon Lime Soda Pop, 12 fl oz, 12 Pack Cans",Soda Pop,8.57,$8.57,6.0 ¢/fl oz
"Canada Dry Caffeine Free Zero Sugar Ginger Ale Soda Pop, 7.5 fl oz, 10 Pack Cans",Soda Pop,4.64,$4.64,6.2 ¢/fl oz
"Diet Mountain Dew Citrus Soda Pop, 16.9 fl oz, 6 Pack Bottles",Soda Pop,5.28,$5.28,5.2 ¢/fl oz
"A&W Root Beer Soda Pop, 7.5 fl oz, 10 Pack Cans",Soda Pop,4.64,$4.64,6.2 ¢/fl oz
"Dr Pepper Zero Sugar Soda Pop, 12 fl oz, 12 Pack Cans",Soda Pop,7.97,$7.97,5.5 ¢/fl oz
"Diet Mountain Dew Citrus Soda Pop, 2 Liter Bottle",Soda Pop,2,$2.00,3.0 ¢/fl oz
"Diet Mountain Dew Citrus Soda Pop, 20 fl oz Bottle",Soda Pop,2.38,$2.38,11.9 ¢/fl oz
"Dr Pepper Soda Pop, 12 fl oz, 12 Pack Cans",Soda Pop,7.97,$7.97,5.5 ¢/fl oz
"Pepsi Zero Sugar Soda Wild Cherry 16.9 fl oz, 6 Count Bottles",Soda Pop,5.28,$5.28,5.2 ¢/fl oz
"Pepsi Cola Zero Sugar Soda Pop, 16.9 fl oz, 12 Pack Bottles",Soda Pop,8.62,$8.62,4.3 ¢/fl oz
"Great Value Dr Thunder Soda Pop, 12 fl oz, 12 Pack Cans",Soda Pop,4.46,$4.46,3.1 ¢/fl oz
"Coca-Cola Zero Sugar Soda Pop, 2 Liter Bottle",Soda Pop,2.28,$2.28,3.4 ¢/fl oz
"IBC Root Beer Made with Sugar Glass Bottles, 12 Fl Oz, 4 Count",Soda Pop,4.73,$4.73,9.9 ¢/fl oz
"Great Value Ginger Beer, 7.5 fl oz, 6 Cans",Soda Pop,3.87,$3.87,8.6 ¢/fl oz
"Diet Coke Soda Pop Cans, 12 fl oz, 24 Pack",Soda Pop,15.37,$15.37,5.3 ¢/fl oz
"A&W Zero Sugar Root Beer Soda Pop, 12 fl oz, 12 Pack Cans",Soda Pop,7.92,$7.92,5.5 ¢/fl oz
"Mountain Dew Kickstart, Energy Drink, Orange Citrus Flavor, 16 fl oz, Can",Energy Drinks,1.74,$1.74,10.9 ¢/fl oz
"Jarritos Variety Pack Soda, 12.5 fl oz (370 ml) Glass Bottle, 12 Pack",Soda Pop,11.18,$11.18,7.5 ¢/fl oz
"Schweppes Caffeine Free Ginger Ale Soda Pop, 7.5 fl oz, 10 Pack Cans",Soda Pop,6.42,$6.42,8.6 ¢/fl oz
"Mug Soda Root Beer Soda Pop, 7.5 fl oz, 10 Pack Mini Cans",Soda Pop,6.42,$6.42,8.6 ¢/fl oz
"Diet Coke Diet Cola Soda Pop, 12 fl oz Bottles, 8 Pack",Soda Pop,6.42,$6.42,6.7 ¢/fl oz
"Great Value Mountain Lightning Citrus Flavored Soda, 12 fl oz, 24 Count",Soda Pop,9.87,$9.87,3.4 ¢/fl oz
"Mountain Dew Soda Citrus Pop, 7.5 fl oz 6 Pack, Paperboard, Allergens not contained",Soda Pop,4.42,$4.42,9.8 ¢/fl oz
"Barq's Root Beer Soda Pop, 2 Liter Bottle",Soda Pop,1.68,$1.68,2.5 ¢/fl oz
"Dr Pepper Zero Sugar Soda Pop, 7.5 fl oz, 10 Pack Cans",Soda Pop,6.42,$6.42,8.6 ¢/fl oz
"OLIPOP Prebiotic Soda, Crisp Apple, 12 fl oz, Refrigerated",Soda Pop,2.38,$2.38,19.8 ¢/fl oz
"Schweppes Caffeine Free Zero Sugar Tonic Water, 7.5 fl oz, 6 Pack Cans",Tonic Water,3.98,$3.98,8.8 ¢/fl oz
"Diet Pepsi Cola Soda Pop, 12 fl oz, 8 Pack Bottles",Soda Pop,6.32,$6.32,6.6 ¢/fl oz
"Mountain Dew Original Soda, 12 fl oz, 12 Count",Soda Pop,7.97,$7.97,5.5 ¢/fl oz
"Life Cider Sparkling Apple Cider Vinegar Drink, Black Cherry, Gut Balance, 12 fl oz Aluminum Can",Soda Pop,2.48,$2.48,20.7 ¢/fl oz
Sam's Choice Twist Up 2 liter Zero Sugar,Soda Pop,1,$1.00,1.5 ¢/fl oz
"Pepsi Soda Wild Cherry 7.5 fl oz, 10 Pack Mini Cans",Soda Pop,6.42,$6.42,8.6 ¢/fl oz
"Diet Coke Caffeine Free Soda Pop, 12 fl oz, 12 Pack Cans",Soda Pop,8.57,$8.57,6.0 ¢/fl oz
"Pepsi Soda Wild Cherry And Cream 12 fl oz, 12 Count Cans",Soda Pop,6,$6.00,4.2 ¢/fl oz
"Pepsi Soda Pop Cola 7.5 fl oz 6 Pack, Paperboard, Allergens Not Contained",Soda Pop,4.42,$4.42,9.8 ¢/fl oz
"Fresca Citrus Soda Pop Fridge Pack, 12 fl oz, 12 Pack Cans",Soda Pop,8.57,$8.57,6.0 ¢/fl oz
"Mountain Dew Kickstart, Energizing Drink, Fruit Punch Flavor, 16 fl oz Can, Allergens Not Contained",Soda Pop,1.74,$1.74,10.9 ¢/fl oz
"Mountain Dew Code Red Cherry Flavored Soda Pop, 12 fl oz, 12 Pack Cans",Soda Pop,7.97,$7.97,5.5 ¢/fl oz
"Coca-Cola Zero Sugar Soda Pop Mini Cans, 7.5 fl oz, 6 Pack",Soda Pop,4.82,$4.82,10.7 ¢/fl oz
"Crush Caffeine Free Zero Sugar Orange Soda Pop, 12 fl oz, 12 Pack Cans",Soda Pop,7.97,$7.97,5.5 ¢/fl oz
"Starry Zero Sugar Lemon Lime Soda Pop, 12 fl oz, 12 Pack Cans",Soda Pop,7.97,$7.97,5.5 ¢/fl oz
"Dr Pepper Strawberries and Cream Soda Pop, 12 fl oz, 12 Pack Cans",Soda Pop,7.97,$7.97,5.5 ¢/fl oz
"Diet Pepsi Soda Pop, 12 fl oz, 24 Pack Cans",Soda Pop,11.98,$11.98,4.2 ¢/fl oz
"Great Value Mountain Lightning Citrus Flavored Soda Pop, 12 fl oz, 12 Pack Cans",Soda Pop,4.46,$4.46,3.1 ¢/fl oz
"Starry Lemon Lime Soda Pop, 12 fl oz, 12 Pack Cans",Soda Pop,7.97,$7.97,5.5 ¢/fl oz
"Diet Mountain Dew Soda Pop, 16.9 fl oz , 12 Pack Plastic Bottles",Soda Pop,8.62,$8.62,4.3 ¢/fl oz
"Crush Caffeine Free Grape Soda Pop, 12 fl oz, 12 Pack Cans",Soda Pop,7.97,$7.97,5.5 ¢/fl oz
"Diet Pepsi Cola Soda Pop, 7.5 fl oz, 10 Pack Mini Cans",Soda Pop,6.42,$6.42,8.6 ¢/fl oz
"Sprite Lemon Lime Soda Pop, 12 fl oz, 24 Pack Cans",Soda Pop,15.37,$15.37,5.3 ¢/fl oz
"Diet Mountain Dew Citrus Soda Pop, 12 fl oz, 12 Pack Cans",Soda Pop,7.97,$7.97,5.5 ¢/fl oz
"Coca-Cola Holiday Creamy Vanilla Soda Pop Bottle, 20 fl oz",Soda Pop,2.48,$2.48,12.4 ¢/fl oz
"Pepsi Cola Zero Sugar Soda Pop, 12 fl oz, 12 Pack Cans",Soda Pop,7.97,$7.97,5.5 ¢/fl oz
"Dr Pepper Zero Sugar Strawberries and Cream Soda Pop, 12 fl oz, 12 Pack Cans",Soda Pop,7.97,$7.97,5.5 ¢/fl oz
"Mr. Pibb Cherry Soda Pop Bottle, 20 fl oz",Soda Pop,2.48,$2.48,20.7 ¢/fl oz
"(6 pack) GOYA Coconut Water with Pulp, 17.6 fl oz Can, Tropical Beverage",Coconut Water,9.48,$9.48,9.0 ¢/fl oz
"Sprite Chill Cherry Lime Natural Flavor Soda Soft Drink Bottle, 20 fl oz",Soda Pop,2.48,$2.48,12.4 ¢/fl oz
"Starry Lemon Lime Soda Pop, 2 Liter, Bottle",Soda Pop,2,$2.00,3.0 ¢/fl oz
"PR Mountain Dew Citrus Soda Pop, 7.5 fl oz, 10 Pack Mini Cans",Soda Pop,6.42,$6.42,8.6 ¢/fl oz
"Mountain Dew Soda Dragon Fruit 12 fl oz, 12 Count",Soda Pop,7.97,$7.97,5.5 ¢/fl oz
"Poppi Raspberry Rose Prebiotic Soda, 12 oz, 1 Pack Can",Soda Pop,1.96,$1.96,16.3 ¢/fl oz
"Manzanita Sol Apple Flavored Soda Pop, 12 oz, 12 pack Cans",Soda Pop,7.97,$7.97,5.5 ¢/fl oz
Mountain Dew Baja Blast Soda Pop 2 Liter Bottle,Soda Pop,2,$2.00,3.0 ¢/fl oz
"Fanta Zero Sugar Orange Soda Pop Fridge Pack, 12 fl oz, 12 Pack Cans",Soda Pop,8.57,$8.57,6.0 ¢/fl oz
"Dr Pepper Blackberry Zero Sugar Soda Pop, 12 fl oz, 12 Pack Cans",Soda Pop,7.97,$7.97,5.5 ¢/fl oz
"Great Value Dr Thunder Zero Sugar Soda Pop, 2 Liter Bottle",Soda Pop,1,$1.00,1.5 ¢/fl oz
"Pepsi Wild Cherry Cola Soda Pop, 12 fl. oz. Cans 24 pack",Soda Pop,11.98,$11.98,4.2 ¢/fl oz
"Sprite Chill Zero Sugar Cherry Lime Natural Flavor Soda Soft Drink Cans, 12 fl oz, 12 Pack",Soda Pop,8.57,$8.57,6.0 ¢/fl oz
"Mr. Pibb Zero Sugar Cherry Soda Pop Bottle, 20 fl oz",Soda Pop,2.48,$2.48,20.7 ¢/fl oz
"Sprite Chill Cherry Lime Natural Flavor Soda Soft Drink Cans, 12 fl oz, 12 Pack",Soda Pop,8.57,$8.57,6.0 ¢/fl oz
"Fanta Orange Soda Pop Fridge Pack, 12 fl oz, 12 Pack Cans",Soda Pop,6.62,$6.62,4.6 ¢/fl oz
"Life Cider Sparkling Apple Cider Vinegar Drink, Mango Citrus, Gut Balance, 12 fl oz Aluminum Can",Soda Pop,2.48,$2.48,20.7 ¢/fl oz
"OLIPOP Prebiotic Soda, Peaches & Cream, 12 fl oz, Refrigerated",Soda Pop,2.38,$2.38,19.8 ¢/fl oz
"Milo's Lemonade Juice Drink 100% Natural, 128 fl oz Refrigerated Jug Caffeine Free, No Added Colors",Juices,4.26,$4.26,3.3 ¢/fl oz
"Diet Pepsi Cola Caffeine Free Soda Pop, 12 fl oz, 12 Pack Cans",Soda Pop,7.97,$7.97,5.5 ¢/fl oz
"Diet Pepsi Cola Soda Pop, 12 fl oz, 12 Pack Cans",Soda Pop,7.97,$7.97,5.5 ¢/fl oz
"Sprite Zero Sugar Lemon Lime Soda Pop, 12 fl oz, 12 Pack Cans",Soda Pop,8.57,$8.57,6.0 ¢/fl oz
"Mountain Dew Kickstart Pineapple Orange & Mango Soda Pop, 16 fl oz, Can",Soda Pop,1.74,$1.74,10.9 ¢/fl oz
Cantaritos Jarritos Pineapple Hard Soda 25 fl oz 1 Tall Aluminum Can,Coolers & Flavored Alcoholic Beverages,3.82,$3.82,15.3 ¢/fl oz
"Fresca Zero Calorie Peach Soda Pop, 12 fl oz, 12 Pack Cans",Soda Pop,8.57,$8.57,6.0 ¢/fl oz
"Great Value Diet Mountain Lightning Citrus Flavored Soda Pop, 12 fl oz, 12 Pack Cans",Soda Pop,4.46,$4.46,3.1 ¢/fl oz
"Mountain Dew Baja Blast Tropical Lime Soda Pop, 12 oz 24 pack Cans",Soda Pop,11.98,$11.98,4.2 ¢/fl oz
"Coca-Cola Orange Cream Soda, 12 oz. cans (Pack of 12)",Soda Pop,8.42,$8.42,5.8 ¢/fl oz
"Pepsi Cola Zero Sugar Wild Cherry Soda Pop, 12 fl oz, 12 Pack Cans",Soda Pop,7.97,$7.97,5.5 ¢/fl oz
"OLIPOP Prebiotic Soda, Cherry Cola, 12 fl oz, Refrigerated",Soda Pop,2.38,$2.38,19.8 ¢/fl oz
"OLIPOP Prebiotic Soda, Strawberry Vanilla, 12 fl oz, Refrigerated",Soda Pop,2.38,$2.38,19.8 ¢/fl oz
"Pepsi Wild Cherry Soda Pop, 12 fl oz, 12 Pack Cans",Soda Pop,7.97,$7.97,5.5 ¢/fl oz
"Manzanita Sol Apple Soda, 12 oz Cans, 24 Count",Soda Pop,11.98,$11.98,4.2 ¢/fl oz
"Simply Non GMO All Natural Lemonade Juice, 52 fl oz Bottle",Juices,2.97,$2.97,5.7 ¢/fl oz
"Fanta Strawberry Soda Pop Fridge Pack, 12 fl oz, 12 Pack Cans",Soda Pop,8.57,$8.57,6.0 ¢/fl oz
"Coca-Cola Zero Sugar Soda Pop Cans, 12 fl oz, 24 Pack",Soda Pop,15.37,$15.37,5.3 ¢/fl oz
"Jarritos Flavors of Mexico Soda, 12.5 fl oz (370ml) Glass Bottle, 12 Pack",Soda Pop,11.18,$11.18,7.5 ¢/fl oz
"OLIPOP Prebiotic Soda, Cream Soda, 12 fl oz",Soda Pop,2.38,$2.38,19.8 ¢/fl oz
"Barq's Root Beer Soda Pop, 12 fl oz, 12 Pack Cans",Soda Pop,8.57,$8.57,6.0 ¢/fl oz
"Dr Pepper Blackberry Soda Pop, 12 fl oz, 12 Pack Cans",Soda Pop,7.97,$7.97,5.5 ¢/fl oz
"poppi Punch Pop Prebiotic Soda, 12 oz, Single Can",Soda Pop,2.18,$2.18,18.2 ¢/fl oz
"Pepsi Zero Sugar Soda Wild Cherry & Cream 12 fl oz, 12 Count Cans",Soda Pop,6,$6.00,4.2 ¢/fl oz
"Pepsi Cola Zero Sugar Soda Pop, 7.5 fl oz, 10 Pack Mini Cans",Soda Pop,6.42,$6.42,8.6 ¢/fl oz
"Coca-Cola Cherry Soda Pop, 12 fl oz, 12 Pack Cans",Soda Pop,8.57,$8.57,6.0 ¢/fl oz
"OLIPOP Prebiotic Soda, Ridge Rush, 12 fl oz, Refrigerated",Soda Pop,2.38,$2.38,19.8 ¢/fl oz
"Sprite Zero Sugar Lemon Lime Soda Pop, 20 fl oz Bottle",Soda Pop,2.48,$2.48,12.4 ¢/fl oz
"7UP Caffeine Free Zero Sugar Lemon Lime Soda Pop, 12 fl oz, 8 Pack Bottles",Soda Pop,5.96,$5.96,6.2 ¢/fl oz
"Coca-Cola Zero Sugar, Caffeine Free Soda Pop, 12 fl oz, 12 Pack Cans",Soda Pop,8.57,$8.57,6.0 ¢/fl oz
"Sprite Zero Sugar Lemon Lime Soda Pop, 12 fl oz, 8 Pack Bottles",Soda Pop,6.42,$6.42,6.7 ¢/fl oz
"Pepsi Made with Real Sugar Cola 12 fl oz, 12 pack Cans",Soda Pop,7.97,$7.97,5.5 ¢/fl oz
"Coca-Cola Caffeine Free Soda Pop, 12 fl oz, 12 Pack Cans",Soda Pop,8.57,$8.57,6.0 ¢/fl oz
"Coca-Cola Vanilla Soda Pop, 12 fl oz, 12 Pack Cans",Soda Pop,8.57,$8.57,6.0 ¢/fl oz
"(4 pack) Hawaiian Punch Fruit Juicy Red Juice, 1 Gal, Bottle",Juices,11.88,$11.88,2.3 ¢/fl oz
"Mountain Dew Zero Sugar Citrus Soda Pop, 12 fl oz, 12 Pack Cans",Soda Pop,7.97,$7.97,5.5 ¢/fl oz
"SUNNYD Smooth Orange Juice Drink, 1 Gallon Bottle",Juices,3.68,$3.68,2.9 ¢/fl oz
"Mountain Dew Zero Sugar Baja Blast Tropical Lime Soda Pop, 12 fl oz, 12 Pack Cans",Soda Pop,7.97,$7.97,5.5 ¢/fl oz
"Goslings Diet Stormy Ginger Beer Cocktail Mixer, 6-12 fl. oz Cans",Cocktail Mixers,5.98,$5.98,8.3 ¢/fl oz
"Coca-Cola Zero Sugar Cherry Soda Pop, 12 fl oz, 12 Pack Cans",Soda Pop,8.57,$8.57,6.0 ¢/fl oz
"OLIPOP Prebtiotic Soda, Classic Grape, 12 fl oz, Refrigerated",Soda Pop,2.38,$2.38,19.8 ¢/fl oz
"Fever-Tree Bold & Spicy Premium Real Ginger Beer, 4Pack/6.8oz, Shelf Stable, Glass Bottles",Cocktail Mixers,6.12,$6.12,22.5 ¢/fl oz
"Mountain Dew Soda Pop, Baja Blast, 12 fl oz Cans, 12 Pack",Soda Pop,7.97,$7.97,5.5 ¢/fl oz
"Fanta Pineapple Soda Pop Fridge Pack, 12 fl oz, 12 Pack Cans",Soda Pop,8.47,$8.47,5.9 ¢/fl oz
Fever-Tree Premium Tonic Cans 8pk/5.07 fl oz,Tonic Water,7.84,$7.84,19.3 ¢/fl oz
(4 pack) ALFA VITAMINS Aloe Vera Drink - Original,Juices,9.52,$9.52,7.0 ¢/fl oz
"poppi Raspberry Rose Prebiotic Soda Cold, 12 fl oz Can, Single Can",Soda Pop,1.96,$1.96,16.3 ¢/fl oz
"poppi Grape Prebiotic Soda Cold, 12 fl oz Can, Single Can",Soda Pop,1.96,$1.96,16.3 ¢/fl oz
"OLIPOP Prebiotic Soda, Vintage Cola, 12 fl oz, Refrigerated",Soda Pop,2.38,$2.38,19.8 ¢/fl oz
Jarritos Cantaritos Mandarin Hard Soda 25 fl oz 1 Aluminum Can 5% ABV,Soda Pop,3.82,$3.82,15.3 ¢/fl oz
Fever Tree Premium Indian Tonic Water Bottles 4 pk/6.8 fl oz,Tonic Water,6.12,$6.12,22.5 ¢/fl oz
"poppi Root Beer Prebiotic Soda Cold, 12 fl oz Can, Single Can",Soda Pop,1.96,$1.96,16.3 ¢/fl oz
"Pepsi Zero Sugar Cola Soda Pop, 12 fl oz, 24 Count",Soda Pop,11.98,$11.98,4.2 ¢/fl oz
"(4 pack) Hawaiian Punch Berry Blue Typhoon, Juice Drink, 1 gal bottle",Juices,11.88,$11.88,2.3 ¢/fl oz
"Minute Maid Tropical Punch Carton, 59 fl oz",Juices,1.97,$1.97,3.3 ¢/fl oz
"(8 pack) Kool-Aid Bursts Tropical Punch Artificially Flavored Soft Drink, 6 ct Pack, 6.75 fl oz Bottles",Soda Pop,16,$16.00,4.9 ¢/fl oz
"(2 pack) Kool-Aid Bursts Soft Drink, 6 Bottles, for School Lunches and On-the-Go Hydration, artificial flavor Berry Blue, Caffeine Free, 6.75 oz",Soda Pop,4,$4.00,4.9 ¢/fl oz
"Coca-Cola Zero Sugar  Soda Pop Fridge Pack Cans, 12 fl oz, 12 Pack",Soda Pop,8.57,$8.57,6.0 ¢/fl oz
"Cayman Jack Strawberry Margarita, 6 Pack, 11.2 fl oz Bottles, 5.8% ABV",Coolers & Flavored Alcoholic Beverages,10.52,$10.52,15.7 ¢/fl oz
"(3 pack) SUNNYD Tangy Original Shelf Stable Orange Juice Drink, 18 Count, 6.75 fl oz Bottles",Juices,20.61,$20.61,5.7 ¢/fl oz
"Coca-Cola Zero Sugar Orange Cream Soda Pop, 12 fl oz, 12 Pack Cans",Soda Pop,8.57,$8.57,6.0 ¢/fl oz
"(8 pack) Great Value Dr Thunder, 2 Liter Bottle",Soda Pop,8,$8.00,1.5 ¢/fl oz
"Coca-Cola Glass Bottles, 8 fl oz, 6 Pack | Cane Sugar",Soda Pop,7.42,$7.42,15.5 ¢/fl oz
"Smirnoff Ice Original, 6 Pack Bottles, 11.2 fl oz, 4.5% ABV",Coolers & Flavored Alcoholic Beverages,10.98,$10.98,16.3 ¢/fl oz
"OLIPOP Prebiotic Soda, Classic Root Beer, 12 fl oz, Refrigerated",Soda Pop,2.38,$2.38,19.8 ¢/fl oz
"Coca-Cola Cherry Soda Pop, 12 fl oz, 24 Pack Cans",Soda Pop,15.37,$15.37,5.3 ¢/fl oz
"(6 pack) Electrolit Electrolyte Drink, Coconut, 21oz Bottle",Electrolyte Supplements,16.92,$16.92,13.4 ¢/fl oz
"(3 pack) Kool-Aid Jammers Tropical Punch Flavored Drink Value Pack, 30 ct Box, 6 fl oz Pouches",Juices,24.81,$24.81,4.6 ¢/fl oz
"(6 pack) PR Electrolit Electrolite Sport Drinks, Grape, 21 fl oz",Sports Drinks,16.92,$16.92,13.4 ¢/fl oz
"(6 pack) PR Electrolit Electrolyte Drink, Fruit Punch, 21.0 oz Bottle,",Sports Drinks,16.92,$16.92,13.4 ¢/fl oz
"Coors Light American  Beer, 30 Pack, 12 fl oz Aluminum Cans, 4.2% ABV",Beer,22.83,$22.83,6.3 ¢/fl oz
"Yakult Non-Fat Live & Active Probiotic Drink, 2.7 fl oz, 5 Count, Gluten Free, Fat Free, Cholesterol Free- Yogurt section",Kefir & Yogurt Drinks,2.97,$2.97,22.0 ¢/fl oz
"Danimals Smoothie Strawberry Dairy Drink Smoothie Bottles Multi-Pack, 3.1 oz, 6 Count",Kefir & Yogurt Drinks,3.54,$3.54,19.0 ¢/fl oz
Chobani Low-Fat Greek Yogurt Drink Strawberry Banana 7 fl oz Bottle,Kefir & Yogurt Drinks,1.78,$1.78,25.4 ¢/fl oz
"Seagram's 7 Crown American Blended Whiskey, 1.75 L, 40% ABV",Liquor & Spirits,19.87,$19.87,33.6 ¢/fl oz
"7UP Caffeine Free Lemon Lime Soda Pop, 12 fl oz, 8 Pack Bottles",Soda Pop,5.96,$5.96,6.2 ¢/fl oz
"7UP Tropical Caffeine Free Lemon Lime Mango Peach Soda Pop, 12 fl oz, 12 Pack Cans",Soda Pop,7.92,$7.92,5.5 ¢/fl oz
"Sprite Lemon Lime Mini Soda Pop Soft Drink, 7.5 fl oz, 10 Pack Cans",Soda Pop,6.94,$6.94,9.3 ¢/fl oz
"Pepsi Wild Cherry Cola Soda Pop​, 12 fl. oz. Cans 24 pack",Soda Pop,11.98,$11.98,4.2 ¢/fl oz
"Sprite Lemon Lime Soda Pop, 2 Liter Bottle",Soda Pop,2.28,$2.28,3.4 ¢/fl oz
"Fanta Orange Soda Pop, 16.9 fl oz, 6 Pack Bottles",Soda Pop,5.28,$5.28,5.2 ¢/fl oz
JFC Ramune Original 12/6.76 fz,Soda Pop,2.44,$2.44,35.9 ¢/fl oz
"Kool-Aid Bursts Soft Drink, 6 Bottles, for School Lunches and On-the-Go Hydration, artificial flavor Berry Blue, Caffeine Free, 6.75 oz",Juices,2,$2.00,4.9 ¢/fl oz
"7UP Caffeine Free Lemon Lime Soda Pop, 2 L, Bottle",Soda Pop,1.66,$1.66,2.5 ¢/fl oz
"Kool-Aid Bursts Tropical Punch Artificially Flavored Soft Drink, 6 ct Pack, 6.75 fl oz Bottles",Juices,2,$2.00,4.9 ¢/fl oz
"Fanta Orange Soda Pop, 1.25 Liter Bottle",Soda Pop,1.82,$1.82,4.3 ¢/fl oz
"Kool-Aid Jammers Tropical Punch Flavored Drink, 10 ct Box, 6 fl oz Pouches",Juices,2.97,$2.97,5.0 ¢/fl oz
"Tw!ster Flavored Drink, Tropical Punch Flavored, 59 Fl Oz Carton",Juices,1.94,$1.94,3.3 ¢/fl oz
"Kool-Aid Zero Sugar Jammers Artificially Flavored Drink, 10 Pouches, for School Lunches and On-the-Go Hydration, Tropical Punch Flavor, Zero Calories, 6 fl oz",Juices,2.97,$2.97,5.0 ¢/fl oz
"Mountain Dew Citrus Soda Pop, 1.25 Liter Bottle",Soda Pop,1.48,$1.48,3.5 ¢/fl oz
"Coca-Cola Soda Pop Bottle, 20 fl oz",Soda Pop,2.48,$2.48,12.4 ¢/fl oz
"7UP Caffeine Free Lemon Lime Soda Pop, 7.5 fl oz, 10 Pack Cans",Soda Pop,4.64,$4.64,6.2 ¢/fl oz
"Coca-Cola Cane Sugar Mexican Soda Pop, 355 ml, 4 Pack Glass Bottle",Soda Pop,7.22,$7.22,15.0 ¢/fl oz
"Coca-Cola Soda Soft Drink, 1.5 Liter",Soda Pop,1.82,$1.82,4.3 ¢/fl oz
"Kool-Aid Jammers Blue Raspberry Flavored Drink, 10 ct Box, 6 fl oz Pouches",Juices,2.97,$2.97,5.0 ¢/fl oz
"(2 pack) Minute Maid Lemonade Bottles, 12 fl oz, 6 Pack",Juices,7.94,$7.94,5.5 ¢/fl oz
"Welch's Non-Alcoholic Sparkling Juice Cocktail, Red Grape, 25.4 fl oz Bottle",Juices,3.98,$3.98,
Pepsi Cola Soda 1.25L Plastic Bottle,Soda Pop,1.48,$1.48,3.5 ¢/fl oz
"Kool-Aid Jammers Grape Flavored Drink, 10 ct Box, 6 fl oz Pouches",Juices,2.97,$2.97,5.0 ¢/fl oz
"Kool-Aid Jammers Tropical Punch, Grape & Cherry Flavored 0% Juice Drink Variety Pack, 30 ct Box, 6 fl oz Pouches",Juices,8.27,$8.27,4.6 ¢/fl oz
"Starry Lemon Lime Soda Pop, 7.5 fl oz, 10 Pack Mini Cans",Soda Pop,6.42,$6.42,8.6 ¢/fl oz
"Kool-Aid Snow Day Brrr Berry Flavored Drink, 10 Ct Box, 6 oz Pouches, Liquids",Juices,2.97,$2.97,5.0 ¢/fl oz
"Diet Pepsi Cola Soda Pop, 1.25 Liter Bottle",Soda Pop,1.48,$1.48,3.5 ¢/fl oz
"Coca-Cola Soda Pop Bottle, 1.25 Liters",Soda Pop,1.82,$1.82,4.3 ¢/fl oz
"7UP Caffeine Free Zero Sugar Lemon Lime Soda Pop, 20 fl oz, Bottle",Soda Pop,2.24,$2.24,11.2 ¢/fl oz
"Tropicana Twister Fruit Punch Flavored Juice Drink, Pulp-Free, 59 oz Carton",Juices,1.94,$1.94,3.3 ¢/fl oz
"Minute Maid Lemonade Cans, 12 fl oz, 12 Pack",Juices,6.62,$6.62,4.6 ¢/fl oz
"Coca-Cola Zero Sugar Soda Pop Bottle, 20 fl oz",Soda Pop,2.48,$2.48,12.4 ¢/fl oz
"Kool-Aid Jammers Tropical Punch Flavored Drink Value Pack, 30 ct Box, 6 fl oz Pouches",Juices,8.27,$8.27,4.6 ¢/fl oz
"Kool-Aid Jammers Cherry Flavored 10 ct Box, 6 fl oz Pouches",Juices,2.97,$2.97,5.0 ¢/fl oz
"(4 pack) V8 Energy Diet Strawberry Lemonade Juice Energy Drink, 8 fl oz Can (6 Pack)",Juices,20.48,$20.48,10.7 ¢/fl oz
"Ocean Spray Diet Cran-Pineapple Cranberry Pineapple Juice Drink, 64 fl oz Bottle",Juices,3.28,$3.28,5.1 ¢/fl oz
"(2 pack) Synergy The Real Kombucha Golden Pineapple, 16 fl oz",Bottled Tea Drinks,6.56,$6.56,20.5 ¢/fl oz
"Ocean Spray Diet Cranberry Juice Drinks, 10 fl oz Bottles, 6 Count",Juices,4.98,$4.98,8.3 ¢/fl oz
"Ocean Spray Diet Cran-Cherry Cranberry Cherry Juice Drink, 64 fl oz Bottle",Juices,3.28,$3.28,5.1 ¢/fl oz
"Ocean Spray Diet Cran-Grape Cranberry Grape Juice Drink, 64 fl oz Bottle",Juices,3.28,$3.28,5.1 ¢/fl oz
"Ocean Spray Diet Cran-Mango Cranberry Mango Juice Drink, 64 fl oz Bottle",Juices,3.28,$3.28,5.1 ¢/fl oz
"Ocean Spray Diet Cranberry Juice Drink, 64 fl oz Bottle",Juices,3.28,$3.28,5.1 ¢/fl oz
"Ocean Spray Diet Cranberry Juice Drink, 101.4 fl oz Bottle",Juices,4.96,$4.96,4.9 ¢/fl oz
"(2 pack) Ocean Spray Diet Cranberry Juice Drink, 101.4 fl oz Bottle",Juices,9.92,$9.92,4.9 ¢/fl oz
"Campbell’s Chunky Chili Mac Soup, 18.8 oz Can",Prepared & Packaged Soups,1.48,$1.48,7.9 ¢/oz
"Rao's Made for Home Italian Wedding Soup, Quick Ready to Eat Soup, No Preservatives, 16 oz",Prepared & Packaged Soups,4.37,$4.37,27.3 ¢/oz
"Campbell's Condensed Tomato Soup, 10.75 oz Can",Prepared & Packaged Soups,1,$1.00,9.3 ¢/oz
"Campbell’s Condensed Chicken Noodle Soup, 10.75 oz Can",Prepared & Packaged Soups,0.97,$0.97,9.0 ¢/oz
"Marketside Creamy Tomato Bisque, Fresh Deli Soup, 16 oz Cup",Prepared & Packaged Soups,2.97,$2.97,18.6 ¢/oz
"Campbells Chunky Chili Mac Soup, 18.8 oz Can",Prepared & Packaged Soups,1.48,$1.48,7.9 ¢/oz
"Campbells Chunky Sirloin Burger Vegetables Beef Soup, 18.8 oz Can",Prepared & Packaged Soups,1.98,$1.98,10.5 ¢/oz
"Panera Bread Ready-to-Heat Broccoli Cheddar Soup, 16 oz Soup Cup (Refrigerated)",Prepared & Packaged Soups,5.94,$5.94,37.1 ¢/oz
"Panera Bread Gluten Free Ready-to-Heat Baked Potato Soup, 16 oz Soup Cup (Refrigerated)",Prepared & Packaged Soups,5.94,$5.94,37.1 ¢/oz
"Old El Paso Chicken Tortilla Soup, Ready to Serve Canned Soup, 18.5 oz",Prepared & Packaged Soups,2.48,$2.48,13.4 ¢/oz
"Campbell's Chunky Soup, Ready to Eat Chicken Corn Chowder Soup, 18.8 oz Can",Prepared & Packaged Soups,1.98,$1.98,10.5 ¢/oz
"Progresso Traditional, Ready to Serve Beef Barley Soup, 19 oz.",Prepared & Packaged Soups,2.08,$2.08,10.9 ¢/oz
"Panera Bread Gluten Free Ready-to-Heat Autumn Squash Soup, 16 oz Soup Cup (Refrigerated)",Prepared & Packaged Soups,5.94,$5.94,37.1 ¢/oz
"Campbell's Condensed Tomato Soup, 10.75 oz Can (4 Pack)",Prepared & Packaged Soups,4.88,$4.88,11.3 ¢/oz
"Marketside Chicken Tortilla Soup, Fresh Deli Soup, 16 oz Cup (Refrigerated)",Prepared & Packaged Soups,3.97,$3.97,24.8 ¢/oz
"Progresso Vegetable Soup, Vegetable Classics Canned Soup, 19 oz",Prepared & Packaged Soups,2.08,$2.08,10.9 ¢/oz
"Campbells Chunky Soup, Jazzy Jambalaya with Chicken, Sausage and Ham Soup, 18.6 oz Can",Prepared & Packaged Soups,1.98,$1.98,10.6 ¢/oz
"Progresso Italian-Style Wedding Soup, Traditional Canned Soup, 18.5 oz",Prepared & Packaged Soups,2.08,$2.08,11.2 ¢/oz
"Campbell's Condensed Cream of Chicken Soup, 10.5 oz Can",Prepared & Packaged Soups,1,$1.00,9.5 ¢/oz
"Campbell's Chunky Soup, Ready to Serve Chicken Tortilla Soup with Grilled White Meat Chicken, 18.6 oz Can",Prepared & Packaged Soups,1.98,$1.98,10.6 ¢/oz
"Marketside Loaded Potato Soup, Fresh Deli Soup, 16 oz Cup",Prepared & Packaged Soups,3.97,$3.97,24.8 ¢/oz
"Great Value Cream Of Chicken Condensed Soup, 10.5 oz",Prepared & Packaged Soups,0.7,$0.70,6.7 ¢/oz
"Campbell’s Chunky Soup, Ready to Serve Smoked Turkey with White and Wild Rice Soup, 18.6 oz Can",Prepared & Packaged Soups,1.98,$1.98,10.6 ¢/oz
"Pacific Foods Organic Roasted Red Pepper and Tomato Soup, 32 oz Carton",Prepared & Packaged Soups,3.48,$3.48,10.9 ¢/fl oz
"Progresso Vegetable Classics, Garden Vegetable Canned Soup, 19 oz.",Prepared & Packaged Soups,2.08,$2.08,11.2 ¢/oz
"Marketside Creamy Mushroom & Herb Soup, Fresh Deli Soup, 16 oz Cup",Prepared & Packaged Soups,2.97,$2.97,18.6 ¢/oz
"Great Value Chicken and Stars Condensed Soup, 10.5 oz",Prepared & Packaged Soups,0.96,$0.96,9.1 ¢/oz
"Marketside Creamy Zuppa Toscana Soup, 16 oz Cup",Prepared & Packaged Soups,4.87,$4.87,30.4 ¢/oz
"Great Value Chicken and Rice Condensed Soup, 10.5 oz",Prepared & Packaged Soups,0.96,$0.96,9.1 ¢/oz
"Campbell's Condensed Chicken and Rice Soup, 10.5 oz Can",Prepared & Packaged Soups,1.92,$1.92,18.3 ¢/oz
"Marketside New England Clam Chowder, Fresh Deli Soup, 16 oz Cup",Prepared & Packaged Soups,3.97,$3.97,24.8 ¢/oz
"Great Value Vegetable Beef Condensed Soup, 10.5 oz",Prepared & Packaged Soups,0.96,$0.96,9.1 ¢/oz
"Campbell's Chunky Soup, Ready to Serve Creamy Chicken Noodle Soup, 18.8 oz Can",Prepared & Packaged Soups,1.98,$1.98,10.5 ¢/oz
"Maruchan Ramen Noodle Soup, Pork Flavor Instant Noodles, Shelf Stable, 3 oz Package",Prepared & Packaged Soups,0.38,$0.38,12.7 ¢/oz
"Great Value Chicken & Dumpling Soup, 18.8 oz",Prepared & Packaged Soups,1.5,$1.50,8.0 ¢/oz
"Campbell's Chunky Classic Chicken Noodle Soup, 18.6 oz Can",Prepared & Packaged Soups,1.98,$1.98,10.6 ¢/oz
"Old El Paso Chicken Cheese Enchilada-Style Soup, Ready to Serve Canned Soup, 18.5 oz",Prepared & Packaged Soups,2.48,$2.48,13.4 ¢/oz
"Campbell's Condensed Vegetarian Vegetable Soup, 10.5 oz Can",Prepared & Packaged Soups,1.92,$1.92,18.3 ¢/oz
"Bear Creek Country Kitchens Cheddar Broccoli Soup Mix, Shelf-Stable, 10.6 oz Pouch",Prepared & Packaged Soups,3.86,$3.86,36.4 ¢/oz
"Great Value Hearty Loaded Potato Soup with Bacon Bits, 18.8 oz Can",Prepared & Packaged Soups,1.5,$1.50,8.0 ¢/oz
"Progresso Tomato Basil Soup, Vegetable Classics Canned Soup, Gluten Free, 19 oz",Prepared & Packaged Soups,2.08,$2.08,10.9 ¢/oz
"Campbell's Chunky Soup, Ready to Serve Savory Chicken with White and Wild Rice Soup, 18.8 oz Can",Prepared & Packaged Soups,1.98,$1.98,10.5 ¢/oz
"Marketside Chicken Pot Pie Soup, Fresh Deli Soup, 16 oz Cup",Prepared & Packaged Soups,4.87,$4.87,30.4 ¢/oz
"Bear Creek Country Kitchens Creamy Potato Soup Mix, 8 Servings, Shelf-Stable, 10.5 oz Pouch",Prepared & Packaged Soups,3.86,$3.86,36.8 ¢/oz
"Great Value Tomato Condensed Soup, 10.75 oz",Prepared & Packaged Soups,0.7,$0.70,6.5 ¢/oz
"Progresso Chickarina Soup, Traditional Canned Soup, 19 oz",Prepared & Packaged Soups,2.08,$2.08,10.9 ¢/oz
"Campbell's Condensed Kids Chicken and Stars Soup, 10.5 oz Can",Prepared & Packaged Soups,1.24,$1.24,11.8 ¢/oz
"Campbells Chunky Soup, Ready to Serve Smoked Turkey with White and Wild Rice Soup, 18.6 oz Can",Prepared & Packaged Soups,1.98,$1.98,10.6 ¢/oz
"Campbell's Slow Kettle Style Baked Potato Soup with Applewood Smoked Uncured Bacon, 15.5 oz Microwavable Bowl",Prepared & Packaged Soups,3.27,$3.27,21.1 ¢/oz
"Campbell's Condensed Vegetable Beef Soup, 10.5 oz Can",Prepared & Packaged Soups,1.92,$1.92,18.3 ¢/oz
"Campbells Homestyle Chicken Noodle Soup, 7 oz Bowl (4 Pack)",Prepared & Packaged Soups,4.98,$4.98,17.8 ¢/oz
"Bear Creek Country Kitchens Cheddar Potato Soup Mix, 8 Servings, Shelf-Stable, 11.5 oz Bag",Prepared & Packaged Soups,3.86,$3.86,33.6 ¢/oz
"Campbells Chunky Chili Dog Mac Soup, 18.8 oz Can",Prepared & Packaged Soups,1.98,$1.98,10.5 ¢/oz
"Progresso Traditional, Chicken Cheese Enchilada Flavor Canned Soup, Gluten Free, 18.5 oz.",Prepared & Packaged Soups,2.08,$2.08,11.2 ¢/oz
"Campbells Chunky Creamy Chicken and Dumplings Soup, 15.25 oz Bowl",Prepared & Packaged Soups,2.27,$2.27,14.9 ¢/oz
"Campbells Chunky Soup, Loaded Potato Seasoned with Bacon, 15.25 oz Microwavable Bowl",Prepared & Packaged Soups,2.18,$2.18,14.3 ¢/oz
"Campbell's Chunky Healthy Request Sirloin Burger with Country Vegetables Soup, 18.8 oz Can",Prepared & Packaged Soups,1.98,$1.98,10.5 ¢/oz
"Great Value Hearty Broccoli & Cheese with Potato Soup, 18.8 oz Can Heat & Eat",Prepared & Packaged Soups,1.5,$1.50,8.0 ¢/oz
"Maruchan Ramen Noodle Shrimp Flavor Soup, 3 oz, 12 Count Shelf Stable Package",Prepared & Packaged Soups,3.34,$3.34,9.3 ¢/oz
"Progresso Reduced Sodium, Savory Chicken & Wild Rice Soup, 19 oz.",Prepared & Packaged Soups,2.5,$2.50,13.5 ¢/oz
"Maruchan Ramen Noodle Soup, Beef Flavor Instant Noodles, 3 oz Package",Prepared & Packaged Soups,0.38,$0.38,12.7 ¢/oz
"Great Value Beef with Vegetable Soup, 18.8 oz Can (Shelf Stable)",Prepared & Packaged Soups,1.5,$1.50,8.0 ¢/oz
"Campbell's Condensed Broccoli Cheese Soup, 10.5 oz Can",Prepared & Packaged Soups,1.92,$1.92,18.3 ¢/oz
"Old El Paso Chipotle Corn Chowder Soup, Ready to Serve Canned Soup, 18.5 oz",Prepared & Packaged Soups,2.48,$2.48,13.4 ¢/oz
"Progresso Cheese Tortellini in Garden Vegetable Tomato Canned Soup, 18.5 oz",Prepared & Packaged Soups,1.98,$1.98,10.7 ¢/oz
"Campbell's Chunky Texas-Style BBQ Burger with Natural Smoke Flavor Soup, 18.8 oz Can",Prepared & Packaged Soups,1.98,$1.98,10.5 ¢/oz
"Progresso Rich & Hearty Gluten Free Broccoli Cheese Soup With Bacon, 18 oz.",Prepared & Packaged Soups,2.08,$2.08,11.6 ¢/oz
"(2 pack) Progresso Traditional, Chicken Rice with Vegetables Canned Soup, 19 oz.",Prepared & Packaged Soups,4.16,$4.16,10.9 ¢/oz
"Campbells Chunky Soup, Ready to Serve Savory Vegetable Soup, 18.8 oz Can",Prepared & Packaged Soups,1.98,$1.98,10.5 ¢/oz
"Campbell's Chunky Healthy Request Chicken Noodle Soup, 18.6 oz Can",Prepared & Packaged Soups,1.98,$1.98,10.6 ¢/oz
"Great Value Hearty Beef Pot Roast Soup, Heat and Eat, 18.8 oz",Prepared & Packaged Soups,1.5,$1.50,8.0 ¢/oz
"Great Value Broccoli & Cheddar Condensed Soup, 10.5 oz Can",Prepared & Packaged Soups,0.96,$0.96,9.1 ¢/oz
"Progresso Rich & Hearty, Creamy Chicken & Broccoli Soup, Gluten Free, 18.5 oz.",Prepared & Packaged Soups,2.08,$2.08,11.2 ¢/oz
"Marketside Chicken & Sausage Gumbo Soup, 16 oz Cup",Prepared & Packaged Soups,4.87,$4.87,30.4 ¢/oz
"Great Value Clam Chowder Soup, 18.8 oz Can",Prepared & Packaged Soups,1.5,$1.50,8.0 ¢/oz
"Progresso Traditional, Hearty Chicken & Rotini Canned Soup, 19 oz.",Prepared & Packaged Soups,2.08,$2.08,10.9 ¢/oz
"Progresso Light, Broccoli Cheese Canned Soup, Gluten Free, 18 oz.",Prepared & Packaged Soups,2.08,$2.08,11.6 ¢/oz
"Nissin Foods Hot & Spicy Ramen Noodle Soup, Fiery Beef Flavor, 3.28 oz Bowl, Shelf-Stable",Prepared & Packaged Soups,1.38,$1.38,42.1 ¢/oz
"Pacific Foods Organic Butternut Squash Soup, 32 oz Carton",Prepared & Packaged Soups,4.33,$4.33,13.5 ¢/fl oz
"Progresso Reduced Sodium Canned Soup, Roasted Chicken Noodle Soup, 18.5 oz",Prepared & Packaged Soups,1.67,$1.67,9.0 ¢/oz
"Campbells Chunky Soup, Ready to Serve Split Pea Soup with Ham, 19 oz Can",Prepared & Packaged Soups,1.98,$1.98,10.4 ¢/oz
"Progresso Light, Beef Pot Roast Soup, Gluten Free, 18.5 oz.",Prepared & Packaged Soups,2.08,$2.08,11.2 ¢/oz
"Campbells Chunky Buffalo-Style Chicken Mac Soup, 18.8 oz Can",Prepared & Packaged Soups,1.98,$1.98,10.5 ¢/oz
"Marketside Ready to Heat French Onion Soup Kit Bowl, Fresh Deli Soup, 14 oz (Refrigerated)",Prepared & Packaged Soups,4.87,$4.87,34.8 ¢/oz
"Campbell's Chunky Soup, Spicy Chicken and Sausage Gumbo, 18.8 oz Can",Prepared & Packaged Soups,1.98,$1.98,10.5 ¢/oz
"Campbell's Chunky Cheesy Jalapeno Burger with Bacon Bits Soup, 18.8 oz Can",Prepared & Packaged Soups,2.58,$2.58,13.7 ¢/oz
"Campbell's Chunky Soup, Spicy Chicken Noodle Soup, 18.6 oz Can",Prepared & Packaged Soups,1.98,$1.98,10.6 ¢/oz
"Progresso Pitmaster BBQ Style, Grilled Chicken and Fire Roasted Corn, Canned Soup, 19 oz",Prepared & Packaged Soups,2.58,$2.58,13.6 ¢/oz
"Campbells Condensed Kids Soup, Paw Patrol Awesome Shapes Pasta, 10.5 oz Can",Prepared & Packaged Soups,1.92,$1.92,18.3 ¢/oz
"Campbell's Chunky Soup, Spicy Chicken Quesadilla Soup, 18.8 oz Can",Prepared & Packaged Soups,1.98,$1.98,10.5 ¢/oz
"Campbell's Condensed French Onion Soup, 10.5 oz Can",Prepared & Packaged Soups,1.92,$1.92,18.3 ¢/oz
"Marketside Chicken Noodle Soup, Fresh Deli Soup, 32 oz Cup",Prepared & Packaged Soups,5.97,$5.97,18.7 ¢/oz
"Campbells Condensed Homestyle Chicken Noodle Soup, 10.5 oz Can (4 Pack)",Prepared & Packaged Soups,4.88,$4.88,11.6 ¢/oz
"Progresso Pitmaster, Grilled Chicken and Potato with Roasted Vegetables Canned Soup, 19 oz",Prepared & Packaged Soups,2.12,$2.12,11.2 ¢/oz
"Lipton Recipe Secrets Beefy Onion Dry Recipe Soup and Dip Mix, 2 Oz, 2 Pack",Prepared & Packaged Soups,2.17,$2.17,98.6 ¢/oz
"Pacific Foods Organic Chicken and Wild Rice Soup, 16.3 oz Can",Prepared & Packaged Soups,3.72,$3.72,22.8 ¢/oz
"(2 pack) Progresso Vegetable Soup, Vegetable Classics Canned Soup, 19 oz",Prepared & Packaged Soups,4.16,$4.16,10.9 ¢/oz
"Great Value Condensed French Onion Soup with Beef Stock, 10.5 oz",Prepared & Packaged Soups,0.96,$0.96,9.1 ¢/oz
"Campbells Chunky Healthy Request Soup, Ready to Serve Roasted Chicken Soup with Country Vegetables, 18.6 oz Can",Prepared & Packaged Soups,1.98,$1.98,10.6 ¢/oz
"Progresso Light, Creamy Potato With Bacon & Cheese Canned Soup, Gluten Free, 18.5 oz.",Prepared & Packaged Soups,2.08,$2.08,11.2 ¢/oz
"Nissin Foods Hot & Spicy Ramen Noodle Soup, Shrimp Flavor, 3.27 oz Bowl, Shelf-Stable",Prepared & Packaged Soups,1.38,$1.38,42.2 ¢/oz
"Progresso Pitmaster, Sausage and Beer Cheese with Potatoes, Canned Soup, 18 oz",Prepared & Packaged Soups,2.48,$2.48,13.8 ¢/oz
"Great Value Traditional Vegetable Soup, 18.8 oz Can",Prepared & Packaged Soups,1.5,$1.50,8.0 ¢/oz
"Great Value Heart Healthy 98% Fat Free and 50% Less Sodium Cream of Chicken Condensed Soup, 10.5 oz",Prepared & Packaged Soups,0.7,$0.70,6.7 ¢/oz
"Campbell's Condensed Cream of Chicken Soup, 10.5 oz Can (4 Pack)",Prepared & Packaged Soups,4.88,$4.88,11.6 ¢/oz
"Campbells Chunky Beefy Mac Soup, 18.8 oz Can",Prepared & Packaged Soups,2.58,$2.58,13.7 ¢/oz
"Campbell's Chunky Soup, Beef Soup with Country Vegetables, 15.25 oz Microwavable Bowl",Prepared & Packaged Soups,1.98,$1.98,13.0 ¢/oz
"Progresso Vegetable Classics, French Onion Canned Soup, Gluten Free, 18.5 oz.",Prepared & Packaged Soups,2.08,$2.08,11.2 ¢/oz
"Progresso Chickpea & Noodle Protein Soup, Vegetarian, 18.5 oz.",Prepared & Packaged Soups,2.5,$2.50,13.5 ¢/oz
"Great Value Vegetable Beef & Barley Condensed Soup, 10.5 oz",Prepared & Packaged Soups,0.96,$0.96,9.1 ¢/oz
"Campbell's Chunky Soup, Healthy Request Chicken and Sausage Gumbo, 18.8 oz Can",Prepared & Packaged Soups,1.98,$1.98,10.5 ¢/oz
"Campbells Chunky Soup, Chipotle Chicken Corn Chowder Soup, 18.8 oz Can",Prepared & Packaged Soups,1.98,$1.98,10.5 ¢/oz
"Progresso Light, Zesty Santa Fe Style Chicken Soup, Gluten Free, 18.5 oz.",Prepared & Packaged Soups,2.08,$2.08,11.2 ¢/oz
"(2 pack) Progresso Split Pea with Ham Soup, Traditional Canned Soup, Gluten Free, 19 oz",Prepared & Packaged Soups,3,$3.00,7.9 ¢/oz
"Progresso Vegetable Classics, Hearty Tomato Soup, Gluten Free, 19 oz.",Prepared & Packaged Soups,2.08,$2.08,10.9 ¢/oz
"Campbell's Chunky Soup, OLD BAY Seasoned Clam Chowder, 18.8 oz Can",Prepared & Packaged Soups,1.98,$1.98,10.5 ¢/oz
"Campbells Chunky Soup, Classic Chicken Noodle Soup, 15.25 oz Microwavable Bowl",Prepared & Packaged Soups,1.98,$1.98,13.0 ¢/oz
"Campbell's Chunky Soup, Ready to Serve Healthy Request New England Clam Chowder Soup, 18.8 oz Can",Prepared & Packaged Soups,1.98,$1.98,10.5 ¢/oz
"Campbells Chunky Healthy Request Soup, Ready to Serve Beef Soup with Country Vegetables, 18.8 oz Can",Prepared & Packaged Soups,1.98,$1.98,10.5 ¢/oz
"Campbells Sipping Soup, Chicken Soup with Star-Shaped Pasta, 10.75 oz Microwavable Cup",Prepared & Packaged Soups,2.12,$2.12,19.7 ¢/oz
"Progresso Light Canned Soup, Chicken and Dumpling Soup, 18.5 oz",Prepared & Packaged Soups,2.08,$2.08,11.2 ¢/oz
"Progresso Vegetable Classics, Lentil With Roasted Vegetables Canned Soup, Gluten Free, 19 oz.",Prepared & Packaged Soups,2.08,$2.08,10.9 ¢/oz
"Campbells Condensed Heart Healthy Homestyle Chicken Noodle Soup, 10.5 oz Can",Prepared & Packaged Soups,2,$2.00,19.0 ¢/oz
"Campbell's Condensed Cheddar Cheese Soup, 10.5 oz Can",Prepared & Packaged Soups,1.92,$1.92,18.3 ¢/oz
"Progresso Vegetable Classics, Vegetarian Vegetable with Barley Canned Soup, 19 oz.",Prepared & Packaged Soups,2.08,$2.08,10.9 ¢/oz
"Amys Soup, Organic Light in Sodium Chunky Tomato Bisque, Made With Organic Tomatoes, Canned Soup, 14.5 Oz",Prepared & Packaged Soups,3.5,$3.50,24.1 ¢/oz
"Panera Bread Broccoli Cheddar Soup, 32 oz Ready-to-Heat Soup Cup (Refrigerated)",Prepared & Packaged Soups,9.94,$9.94,31.1 ¢/oz
"Campbells Condensed Kids Soup, Disney Princess Cool Shapes Pasta, 10.5 oz Can",Prepared & Packaged Soups,1.92,$1.92,18.3 ¢/oz
"Maruchan Ramen Noodle Soup, Soy Sauce Flavor Instant Noodles, Shelf Stable, 3 oz Package",Prepared & Packaged Soups,0.38,$0.38,12.7 ¢/oz
"Lipton Recipe Secrets Onion Dry Recipe Soup and Dip Mix, 2 Oz, 2 Pack",Prepared & Packaged Soups,2.17,$2.17,$1.09/oz
"Campbells Chunky Soup, Spicy Nashville-Style Hot Chicken Soup, 18.8 oz Can",Prepared & Packaged Soups,2.58,$2.58,13.7 ¢/oz
"Progresso Light, New England Clam Chowder Soup, Gluten Free, 18.5 oz.",Prepared & Packaged Soups,2.08,$2.08,11.2 ¢/oz
"Great Value Tomato Condensed Soup Family Size, 26 oz",Prepared & Packaged Soups,1.72,$1.72,6.6 ¢/oz
"Great Value Homestyle Chicken Noodle Condensed Soup, 10.5 oz, 1 Pack",Prepared & Packaged Soups,0.96,$0.96,8.9 ¢/oz
"Campbell's Sipping Soup, Ready to Serve Creamy Tomato Soup, 11.1 oz Microwavable Cup",Prepared & Packaged Soups,2.12,$2.12,19.1 ¢/oz
"Campbell's Condensed Beef Soup with Vegetables and Barley, 10.5 oz Can",Prepared & Packaged Soups,1.92,$1.92,18.3 ¢/oz
"Campbell's Condensed Cream of Chicken Soup with Herbs, 10.5 oz Can",Prepared & Packaged Soups,1.92,$1.92,18.3 ¢/oz
"Campbell's Condensed Beef Consomme Soup, 10.5 oz Can",Prepared & Packaged Soups,1.92,$1.92,18.3 ¢/oz
"Great Value Onion Recipe Soup & Dip Mix, 2 oz, Shelf-Stable",Prepared & Packaged Soups,0.98,$0.98,49.0 ¢/oz
"Pacific Foods Organic Greek-Style Chicken Orzo Soup with Lemon and Herb, 16.1 oz Can",Prepared & Packaged Soups,3.83,$3.83,23.8 ¢/oz
"Campbell's Sipping Soup, Chicken & Mini Round Noodle Soup, 10.75 oz Microwavable Cup",Prepared & Packaged Soups,2.12,$2.12,19.7 ¢/oz
"Campbells Condensed Homestyle Chicken Noodle Soup, 10.5 oz Can",Prepared & Packaged Soups,1.92,$1.92,18.3 ¢/oz
"Bear Creek Country Kitchens Tortilla Soup Mix, 8 Servings, Shelf-Stable, 7.9 oz Pouch",Prepared & Packaged Soups,3.86,$3.86,48.9 ¢/oz
"Campbell's Creamy Tomato Soup, 7 oz. Microwavable Bowl (Pack of 4)",Prepared & Packaged Soups,4.98,$4.98,17.8 ¢/oz
"Progresso Traditional, Chicken & Orzo with Lemon Canned Soup, 18.5 oz.",Prepared & Packaged Soups,2.08,$2.08,11.2 ¢/oz
"Campbell's Chunky Soup, Ready to Serve Chicken with Vegetables Soup, 18.6 oz Can",Prepared & Packaged Soups,1.98,$1.98,10.6 ¢/oz
"Progresso Traditional Chicken Barley Soup, 18.5 oz.",Prepared & Packaged Soups,2.08,$2.08,11.2 ¢/oz
"Great Value Traditional Minestrone Soup, 18.8 oz Can (Shelf Stable)",Prepared & Packaged Soups,1.5,$1.50,8.0 ¢/oz
"Campbell's Condensed Chicken Gumbo Soup, 10.5 oz Can",Prepared & Packaged Soups,1.92,$1.92,18.3 ¢/oz
"Great Value Cream of Celery Condensed Soup, 10.5 oz",Prepared & Packaged Soups,0.7,$0.70,6.7 ¢/oz
"(6 pack) Progresso Rich and Hearty Chicken and Homestyle Noodles Canned Soup, 19 oz",Prepared & Packaged Soups,12.48,$12.48,10.9 ¢/oz
"Campbell's Condensed Garlic Parmesan Cheese Soup with Herbs, 10.5 oz Can",Prepared & Packaged Soups,1.92,$1.92,18.3 ¢/oz
"Campbell's Condensed Cream of Potato Soup, 10.5 oz Can",Prepared & Packaged Soups,1.92,$1.92,18.3 ¢/oz
"(6 pack) Progresso Tomato Basil Soup, Vegetable Classics Canned Soup, Gluten Free, 19 oz",Prepared & Packaged Soups,12.48,$12.48,10.9 ¢/oz
"Knorr No Artificial Flavors Vegetable Recipe Soup Mix, 1.4 oz, Pouch",Prepared & Packaged Soups,2.54,$2.54,$1.81/oz
"Maruchan Ramen Noodle Soup, Shrimp Flavor Instant Noodles, Shelf Stable, 3 oz Package",Prepared & Packaged Soups,0.38,$0.38,12.7 ¢/oz
"Great Value Cream of Potato Condensed Soup, 10.5 oz",Prepared & Packaged Soups,0.96,$0.96,9.1 ¢/oz
"Campbell's Creamy Tomato Soup, 15.4 oz Microwavable Bowl",Prepared & Packaged Soups,2.18,$2.18,14.2 ¢/oz
"Campbell's Chicken Noodle Soup, 15.4 oz Microwavable Bowl",Prepared & Packaged Soups,2.27,$2.27,14.7 ¢/oz
"Campbell's Condensed Cream of Celery Soup, 10.5 oz Can",Prepared & Packaged Soups,1.92,$1.92,18.3 ¢/oz
"Pacific Foods Organic Chicken Noodle Soup, 16.1 oz Can",Prepared & Packaged Soups,3.72,$3.72,23.1 ¢/oz
"Campbell's Condensed Tomato Soup, 23.2 oz Family Size Can",Prepared & Packaged Soups,2.64,$2.64,11.4 ¢/oz
"Campbell's Condensed Tomato Bisque Soup, 10.75 oz Can",Prepared & Packaged Soups,1.92,$1.92,17.9 ¢/oz
"Great Value Cream of Chicken Condensed Soup, Family Size, 26 oz",Prepared & Packaged Soups,1.72,$1.72,6.6 ¢/oz
"Campbells Condensed Heart Healthy Tomato Soup, 10.75 oz Can",Prepared & Packaged Soups,2,$2.00,18.6 ¢/oz
"Gardein Plant-Based Chick'n Noodl' Soup, Vegan, 15 oz.",Prepared & Packaged Soups,2.93,$2.93,19.5 ¢/oz
"Campbell's Chunky Soup, Spicy Steak and Potato Soup, 18.8 oz Can",Prepared & Packaged Soups,2.58,$2.58,13.7 ¢/oz
"(2 pack) Rao's Made for Home Italian Wedding Soup, Quick Ready to Eat Soup, No Preservatives, 16 oz",Prepared & Packaged Soups,8.74,$8.74,27.3 ¢/oz
"Campbell's Condensed Cream of Chicken and Mushroom Soup, 10.5 oz Can",Prepared & Packaged Soups,1.92,$1.92,18.3 ¢/oz
"Lipton Recipe Secrets Onion Mushroom Dry Recipe Soup and Dip Mix, 1.8 Oz, 2 Pack",Prepared & Packaged Soups,2.17,$2.17,$1.21/oz
"Campbell's Chunky Soup, Spicy Sirloin Burger Soup, 18.8 oz Can",Prepared & Packaged Soups,2.58,$2.58,13.7 ¢/oz
"Campbells Condensed Heart Healthy Chicken Noodle Soup, 10.75 oz Can",Prepared & Packaged Soups,2,$2.00,18.6 ¢/oz
"Proper Good Ready to Serve Creamy Meatball Soup, 12 oz, Shelf-Stable",Prepared & Packaged Soups,5.48,$5.48,45.7 ¢/oz
"Marketside Ready to Heat Tomato Bisque Soup Kit Bowl, Fresh Deli Soup, 14 oz (Refrigerated)",Prepared & Packaged Soups,4.87,$4.87,34.8 ¢/oz
"Campbells Chunky Spicy Nashville-Style Hot Chicken Soup, 15.25 oz Bowl",Prepared & Packaged Soups,1.98,$1.98,13.0 ¢/oz
"Campbell's Condensed Split Pea Soup with Ham and Bacon, Natural Smoke Flavoring Added, 11.5 oz Can",Prepared & Packaged Soups,1.92,$1.92,16.7 ¢/oz
"Campbell's Sipping Soup, Ready to Serve Classic Tomato Soup, 11.1 oz Microwavable Cup",Prepared & Packaged Soups,2.12,$2.12,19.1 ¢/oz
"Great Value Chicken Noodle Canned Soup, Family Size, 26 oz",Prepared & Packaged Soups,1.72,$1.72,6.6 ¢/oz
"Campbell's Condensed Heart Healthy Cream of Chicken Soup, 10.5 oz Can",Prepared & Packaged Soups,1.92,$1.92,18.3 ¢/oz
"(3 pack) Great Value Traditional Minestrone Soup, 18.8 oz Can (Shelf Stable)",Prepared & Packaged Soups,4.5,$4.50,8.0 ¢/oz
"Campbells Chunky Spicy Chicken Noodle Soup, 15.25 oz Microwavable Bowl",Prepared & Packaged Soups,1.98,$1.98,13.0 ¢/oz
"Proper Good Ready to Serve Chicken Noodle Soup, 12 oz, Shelf-Stable",Prepared & Packaged Soups,5.48,$5.48,45.7 ¢/oz
"Campbell's Condensed Cream of Chicken Soup, 22.6 oz Family Size Can",Prepared & Packaged Soups,2.64,$2.64,11.7 ¢/oz
"Campbells Chunky Spicy Sausage Mac Soup, 18.8 oz Can",Prepared & Packaged Soups,1.98,$1.98,10.5 ¢/oz
"Juanitas Foods Ready to Serve Original Menudo Soup, 25 oz Can",Prepared & Packaged Soups,5.23,$5.23,20.9 ¢/oz
"(4 pack) Great Value Traditional Vegetable Soup, 18.8 oz Can",Prepared & Packaged Soups,6,$6.00,8.0 ¢/oz
"(4 pack) Great Value Broccoli & Cheddar Condensed Soup, 10.5 oz Can",Prepared & Packaged Soups,3.84,$3.84,9.1 ¢/oz
"Campbell's Condensed Spicy Nacho Cheese Soup, 10.75 oz Can",Prepared & Packaged Soups,1.92,$1.92,17.9 ¢/oz
"Campbells Condensed Chicken Noodle Soup Dry Egg Noodle Recipe, 22.4 oz Family Size Can",Prepared & Packaged Soups,2.64,$2.64,11.8 ¢/oz
"(2 pack) Proper Good Ready to Serve Chicken Noodle Soup, 12 oz, Shelf-Stable",Prepared & Packaged Soups,10.96,$10.96,45.7 ¢/oz
"Campbell's Condensed Heart Healthy Cream of Celery Soup, 10.5 oz Can",Prepared & Packaged Soups,1.92,$1.92,18.3 ¢/oz
"(4 pack) Great Value Chicken Noodle Soup, 18.6 oz Can",Prepared & Packaged Soups,6,$6.00,8.1 ¢/oz
"(2 pack) Old El Paso Chicken Tortilla Soup, Ready to Serve Canned Soup, 18.5 oz",Prepared & Packaged Soups,4.96,$4.96,13.4 ¢/oz
"Proper Good Ready to Serve Tomato Basil Soup, 12 oz, Shelf-Stable",Prepared & Packaged Soups,5.48,$5.48,45.7 ¢/oz
"(2 pack) Progresso Traditional, Hearty Chicken & Rotini Canned Soup, 19 oz.",Prepared & Packaged Soups,4.16,$4.16,10.9 ¢/oz
"Great Value 98% Fat Free Cream of Celery Condensed Soup, 10.5 oz",Prepared & Packaged Soups,0.7,$0.70,6.7 ¢/oz
"Great Value Organic Chicken Noodle Soup, 18.6 oz",Prepared & Packaged Soups,2.32,$2.32,12.5 ¢/oz
"Campbells Condensed Homestyle Chicken Noodle Soup, 22.2 oz Family Size Can",Prepared & Packaged Soups,2.64,$2.64,11.9 ¢/oz
"Great Value Gluten Free Cream of Chicken Condensed Soup, 10.5 oz",Prepared & Packaged Soups,1.97,$1.97,18.8 ¢/oz
"Campbell's Condensed Heart Healthy Cheddar Cheese Soup, 10.75 oz Can",Prepared & Packaged Soups,1.92,$1.92,17.9 ¢/oz
"Campbells Condensed Kids Creamy Chicken and Twists Soup, 10.5 oz Can",Prepared & Packaged Soups,1.92,$1.92,18.3 ¢/oz
"(3 pack) Great Value Hearty Broccoli & Cheese with Potato Soup, 18.8 oz Can Heat & Eat",Prepared & Packaged Soups,4.5,$4.50,8.0 ¢/oz
"Campbell's Condensed White Cheddar Cheese Soup, 10.5 oz Can",Prepared & Packaged Soups,1.92,$1.92,18.3 ¢/oz
"Gardein Plant-Based Be'f and Country Vegetable Soup, Vegan, 15 oz.",Prepared & Packaged Soups,2.93,$2.93,19.5 ¢/oz
"(2 pack) Progresso Rich & Hearty, Slow Cooked Vegetable Beef Canned Soup, Gluten Free, 19 oz.",Prepared & Packaged Soups,4.16,$4.16,10.9 ¢/oz
"(4 pack) Great Value Beef with Vegetable Soup, 18.8 oz Can (Shelf Stable)",Prepared & Packaged Soups,6,$6.00,8.0 ¢/oz
"Pacific Foods Organic Cream of Chicken Soup, 10.5 oz Can",Prepared & Packaged Soups,2.72,$2.72,25.9 ¢/oz
"Amys Soup, Mushroom Bisque with Porcini Soup, Gluten Free, Made With Organic Arborio Rice, Canned Soup, 14 Oz",Prepared & Packaged Soups,4.12,$4.12,29.4 ¢/oz
"Proper Good Indian Style Curry Soup, Ready to Serve Meal, Shelf-Stable, 12 oz Pouch",Prepared & Packaged Soups,5.48,$5.48,45.7 ¢/oz
"Gardein Plant-Based Chick'n & Rice Soup, Vegan, 15 oz.",Prepared & Packaged Soups,2.93,$2.93,19.5 ¢/oz
"Campbells Condensed Kids Cheddar Cheesy Noodle Soup, 10.5 oz Can",Prepared & Packaged Soups,1.92,$1.92,18.3 ¢/oz
"(3 pack) Proper Good Ready to Serve Creamy Meatball Soup, 12 oz, Shelf-Stable",Prepared & Packaged Soups,16.44,$16.44,45.7 ¢/oz
"(4 pack) Great Value Hearty Beef Pot Roast Soup, Heat and Eat, 18.8 oz",Prepared & Packaged Soups,6,$6.00,8.0 ¢/oz
"(4 pack) Great Value Clam Chowder Soup, 18.8 oz Can",Prepared & Packaged Soups,6,$6.00,8.0 ¢/oz
"Campbells Condensed Heart Healthy Tomato Soup, 23.2 oz Family Size Can",Prepared & Packaged Soups,2.64,$2.64,11.4 ¢/oz
"Campbells Kids Soup, Disney Frozen Souper Shapes Pasta with Chicken in Chicken Broth, 7 oz Bowl, 4 Count",Prepared & Packaged Soups,4.98,$4.98,17.8 ¢/oz
"(3 pack) Proper Good Ready to Serve Tomato Basil Soup, 12 oz, Shelf-Stable",Prepared & Packaged Soups,16.44,$16.44,45.7 ¢/oz
"Juanitas Foods Ready to Serve Menudo with Honeycomb Tripe Soup, 25 oz Can",Prepared & Packaged Soups,6.48,$6.48,25.9 ¢/oz
"(6 pack) Proper Good Cheeseburger Soup, Ready to Serve Meal, Shelf-Stable, 12 oz Pouch",Prepared & Packaged Soups,32.88,$32.88,45.7 ¢/oz
"(4 pack) Progresso Chickarina Soup, Traditional Canned Soup, 19 oz",Prepared & Packaged Soups,8.32,$8.32,10.9 ¢/oz
"(2 pack) Progresso Vegetable Classics, Lentil With Roasted Vegetables Canned Soup, Gluten Free, 19 oz.",Prepared & Packaged Soups,4.16,$4.16,10.9 ¢/oz
"(2 pack) Old El Paso Chicken Cheese Enchilada-Style Soup, Ready to Serve Canned Soup, 18.5 oz",Prepared & Packaged Soups,4.96,$4.96,13.4 ¢/oz
"(4 pack) Great Value Ready to Eat Chicken Corn Chowder Soup, 18.8 oz",Prepared & Packaged Soups,6,$6.00,8.0 ¢/oz
"Campbell's Condensed Heart Healthy Cream of Chicken Soup, 22.6 oz Family Size Can",Prepared & Packaged Soups,2.64,$2.64,11.7 ¢/oz
"(4 pack) Great Value Hearty Loaded Potato Soup with Bacon Bits, 18.8 oz Can",Prepared & Packaged Soups,6,$6.00,8.0 ¢/oz
"(4 pack) Great Value Chicken & Dumpling Soup, 18.8 oz",Prepared & Packaged Soups,6,$6.00,8.0 ¢/oz
"(2 pack) Gardein Plant-Based Chick'n Noodl' Soup, Vegan, 15 oz.",Prepared & Packaged Soups,5.86,$5.86,19.5 ¢/oz
"(2 pack) Progresso Vegetable Classics, Hearty Tomato Soup, Gluten Free, 19 oz.",Prepared & Packaged Soups,4.16,$4.16,10.9 ¢/oz
"(2 pack) Juanitas Foods Ready to Serve Original Menudo Soup, 25 oz Can",Prepared & Packaged Soups,10.46,$10.46,20.9 ¢/oz
"Healthy Choice Chicken Noodle Soup, Microwave Bowl, 14 oz.",Packaged Meals,2.48,$2.48,17.7 ¢/oz
"(2 pack) Proper Good Indian Style Curry Soup, Ready to Serve Meal, Shelf-Stable, 12 oz Pouch",Prepared & Packaged Soups,10.96,$10.96,45.7 ¢/oz
"(4 pack) Great Value Heart Healthy 98% Fat Free and 46% Reduced Sodium Chicken Noodle Soup, 18.6 oz Can",Prepared & Packaged Soups,6,$6.00,8.1 ¢/oz
"Juanitas Foods Ready to Serve Extra Hot Menudo Soup, 25 oz Can",Prepared & Packaged Soups,4.98,$4.98,19.9 ¢/oz
"(2 pack) Proper Good Ready to Serve Creamy Chicken Soup, 12 oz, Shelf-Stable",Prepared & Packaged Soups,10.96,$10.96,45.7 ¢/oz
"(2 pack) Healthy Choice Chicken With Rice Soup, Microwave Bowl, 14 oz.",Prepared & Packaged Soups,4.96,$4.96,17.7 ¢/oz
"(2 pack) Amys Kitchen, Organic Pasta Fagioli Soup, Made with Organic Pasta and Vegetables, Canned, 13.65 oz",Prepared & Packaged Soups,8,$8.00,29.3 ¢/oz
"(2 pack) Healthy Choice Chicken Noodle Soup, Microwave Bowl, 14 oz.",Prepared & Packaged Soups,4.96,$4.96,17.7 ¢/oz
"(2 pack) Old El Paso Jalapeno Chicken Noodle Soup, Ready to Serve Canned Soup, 18.5 oz",Prepared & Packaged Soups,4.96,$4.96,13.4 ¢/oz
"(2 pack) Proper Good Jamaican Style Jerk Chicken Soup, Ready to Serve Meal, Shelf-Stable, 12 oz",Prepared & Packaged Soups,10.96,$10.96,45.7 ¢/oz
"(4 pack) Great Value Gluten Free Cream of Chicken Condensed Soup, 10.5 oz",Prepared & Packaged Soups,7.88,$7.88,18.8 ¢/oz
"(6 pack) Great Value Onion Recipe Soup & Dip Mix, 2 oz, Shelf-Stable",Prepared & Packaged Soups,5.88,$5.88,49.0 ¢/oz
"(6 pack) Progresso New England Clam Chowder Soup, Rich & Hearty Canned Soup, Gluten Free, 18.5 oz",Prepared & Packaged Soups,12.48,$12.48,11.2 ¢/oz
"(3 pack) bettergoods Slow Cooked Tomato, Orzo and Spinach Soup, 24 oz",Prepared & Packaged Soups,11.16,$11.16,15.5 ¢/oz
"(2 pack) Juanitas Foods Ready to Serve Extra Hot Menudo Soup, 25 oz Can",Prepared & Packaged Soups,9.96,$9.96,19.9 ¢/oz
"(2 pack) Gardein Plant-Based Chick'n & Rice Soup, Vegan, 15 oz.",Prepared & Packaged Soups,5.86,$5.86,19.5 ¢/oz
"(2 pack) Gardein Plant-Based Be'f and Country Vegetable Soup, Vegan, 15 oz.",Prepared & Packaged Soups,5.86,$5.86,19.5 ¢/oz
"Amys Soup, Organic Light in Sodium Lentil Vegetable Soup, Made With Organic Vegetables, Canned Soup, 14.5 Oz",Prepared & Packaged Soups,3.68,$3.68,25.4 ¢/oz
"Slap Ya Mama Original Blend Cajun Seasoning, 8 oz Canister – Bold Louisiana-Style Spice for Everyday Cooking",Mixed Spices & Seasonings,3.64,$3.64,45.5 ¢/oz
"Rib Rack Seasoning Rub, Original, 5.5 Oz",Mixed Spices & Seasonings,5.22,$5.22,94.9 ¢/oz
"Spiceology Pizza+ Seasoning Blend, 1.6 oz Jar",Mixed Spices & Seasonings,5.74,$5.74,$3.59/oz
"Kinder's The Blend Seasoning with Salt, Pepper and Garlic, 6.25 oz",Mixed Spices & Seasonings,5.23,$5.23,83.7 ¢/oz
"Great Value Garlic Powder, 3.4 oz",Single Herbs & Spices,0.94,$0.94,27.6 ¢/oz
"Kinder's Buttery Garlic & Herb Seasoning, 2 oz",Mixed Spices & Seasonings,2,$2.00,$1.00/oz
"Great Value Onion Powder, 3.25 oz",Single Herbs & Spices,1.13,$1.13,34.8 ¢/oz
"Lawry's Kosher Total Seasoning, 3.25 oz Bottle",Mixed Spices & Seasonings,2.18,$2.18,67.1 ¢/oz
"Great Value Paprika, 2.5 oz",Single Herbs & Spices,1.13,$1.13,45.2 ¢/oz
"Kinder's All Purpose Seasoning, 2.9 oz",Mixed Spices & Seasonings,2,$2.00,69.0 ¢/oz
Rib Rack Seafood Spice Rub,Mixed Spices & Seasonings,4.96,$4.96,76.3 ¢/oz
"Blues Hog Cajun Bayou Seasoning, Bold Cajun Spice Blend, All-Natural, Gluten-Free, , 6.5 oz",Mixed Spices & Seasonings,6.27,$6.27,96.5 ¢/oz
"Williams Original Chili Seasoning Mix, 1 oz",Mixed Spices & Seasonings,1.33,$1.33,$1.33/oz
"Great Value Italian Seasoning, 0.95 oz",Mixed Spices & Seasonings,1.13,$1.13,$1.19/oz
"Badia Complete Seasoning, 6 oz - All Purpose Spice Blend of Garlic, Onion, Salt, Pepper, Herbs & Spices, Gluten Free",Mixed Spices & Seasonings,2.5,$2.50,41.7 ¢/oz
"Kinder's Veggie Rub and Seasoning with Sea Salt and Herbs, 6.4 oz",Mixed Spices & Seasonings,5.23,$5.23,81.7 ¢/oz
"Kinder's The Blend Seasoning, 3.0 oz",Mixed Spices & Seasonings,2,$2.00,66.7 ¢/oz
"Great Value Lemon & Pepper Seasoning, 4.25 oz",Mixed Spices & Seasonings,1.13,$1.13,26.6 ¢/oz
"Lawry's Taco Seasoning Mix, 1.0 oz Packet",Mixed Spices & Seasonings,1.14,$1.14,$1.14/oz
"Great Value Parsley Flakes, 0.4 oz",Single Herbs & Spices,1.13,$1.13,$2.83/oz
Dan-O's Cajun Seasoning - All-Purpose Seasoning - Great for cooking and grilling anything - Small bottle (2.8 oz),Mixed Spices & Seasonings,6.26,$6.26,$2.24/oz
"Flavortown All Purpose Garlic Butter Rub Seasoning, 6 oz",Mixed Spices & Seasonings,5.12,$5.12,85.3 ¢/oz
"Great Value Chili Powder, 3 oz",Single Herbs & Spices,1.13,$1.13,37.7 ¢/oz
"Lawry's Kosher Total Seasoning, 10.75 oz Bottle",Mixed Spices & Seasonings,4.28,$4.28,39.8 ¢/oz
"Great Value Salt-Free Garlic & Herb Seasoning Blend, 2.5 oz",Mixed Spices & Seasonings,2.08,$2.08,83.2 ¢/oz
"Great Value Ground Cumin, 2.5 oz",Mixed Spices & Seasonings,1.16,$1.16,46.4 ¢/oz
"Great Value Basil Leaves, 0.8 oz",Single Herbs & Spices,1.13,$1.13,$1.41/oz
"Great Value Oregano Leaves, 0.87 oz",Single Herbs & Spices,1.13,$1.13,$1.30/oz
"Great Value Garlic Salt, 5.7 oz",Mixed Spices & Seasonings,1.13,$1.13,19.8 ¢/oz
"Great Value Minced Onion, 2.35 oz",Single Herbs & Spices,1.13,$1.13,48.1 ¢/oz
"McCormick PERFECT PINCH Gluten Free Salad Supreme Seasoning, 4.34 oz Bottle",Mixed Spices & Seasonings,4.92,$4.92,$1.13/oz
"Lawry's Kosher Economy Size Seasoned Salt, 16.0 oz Bottle",Mixed Spices & Seasonings,4.12,$4.12,25.8 ¢/oz
"Great Value Kosher Ground Cinnamon, 2.5 oz",Single Herbs & Spices,1.32,$1.32,52.8 ¢/oz
"Slap Ya Mama Original Blend Cajun Seasoning, 8 oz Canister  Bold Louisiana-Style Spice for Everyday Cooking",Mixed Spices & Seasonings,3.64,$3.64,45.5 ¢/oz
"Goya Ham Flavored Concentrate, 1.41 oz",Mixed Spices & Seasonings,2.08,$2.08,$1.49/oz
FlavorGod Garlic Lovers Seasoning,Mixed Spices & Seasonings,6.26,$6.26,$1.79/oz
"Lawry's Burrito Seasoning Mix, 1.5 oz Packet",Mixed Spices & Seasonings,1.87,$1.87,$1.25/oz
"McCormick GRILL MATES Gluten Free Montreal Steak Seasoning, 3.4 oz Bottle",Mixed Spices & Seasonings,2.23,$2.23,65.6 ¢/oz
"McCormick GRILL MATES Gluten Free Brown Sugar Bourbon Seasoning, 3.0 oz Bottle",Mixed Spices & Seasonings,2.08,$2.08,69.3 ¢/oz
"Old El Paso Taco Seasoning Mix, Original Flavor, 1 oz.",Mixed Spices & Seasonings,0.97,$0.97,97.0 ¢/oz
"Great Value Ground Turmeric, 2 oz",Mixed Spices & Seasonings,1.97,$1.97,98.5 ¢/oz
"Great Value Poultry Seasoning, 1.5 oz",Mixed Spices & Seasonings,1.97,$1.97,$1.31/oz
"Tony Chachere's, Cajun, Creole, Original Seasoning, 17 oz, Shelf Stable, Nut Free, No MSG",Mixed Spices & Seasonings,3.28,$3.28,19.3 ¢/oz
"Tajin Clasic Seasoning, 14oz",Mixed Spices & Seasonings,5,$5.00,35.7 ¢/oz
"Kinder's Buttery Steakhouse Seasoning, 2.3 oz",Mixed Spices & Seasonings,2,$2.00,87.0 ¢/oz
"McCormick Grill Mates Gluten Free Smokehouse Maple Seasoning, 3.5 oz Bottle",Mixed Spices & Seasonings,2.23,$2.23,63.7 ¢/oz
"Lawry's Kosher Classic Coarse Ground Garlic Salt, 11.0 oz Bottle",Mixed Spices & Seasonings,5.08,$5.08,46.2 ¢/oz
"McCormick Grill Mates Roasted Garlic & Herb Seasoning, 2.75 oz Bottle",Mixed Spices & Seasonings,2.23,$2.23,81.1 ¢/oz
"McCormick Grill Mates Smash Burger Seasoning, 2.85 oz Bottle",Mixed Spices & Seasonings,2.23,$2.23,78.2 ¢/oz
"McCormick Grill Mates Gluten Free Hamburger Seasoning, 2.75 oz Bottle",Mixed Spices & Seasonings,2.23,$2.23,81.1 ¢/oz
GV Less Sodium Taco Seasoning,Mixed Spices & Seasonings,0.47,$0.47,47.0 ¢/oz
"Yellowstone All Purpose Seasoning & Rub, 4.9 oz",Mixed Spices & Seasonings,6.78,$6.78,$1.38/oz
"Spanglish Asadero Carne Asada Seasoning, 5.4oz",Mixed Spices & Seasonings,6.26,$6.26,$1.16/oz
"McCormick Grill Mates Gluten Free Garlic Butter Seasoning, 3.1 oz Bottle",Mixed Spices & Seasonings,2.23,$2.23,71.9 ¢/oz
"Great Value Everything Bagel Seasoning, 2.6 oz",Mixed Spices & Seasonings,2.5,$2.50,96.2 ¢/oz
"McCormick PERFECT PINCH Green Goddess Seasoning, 4.23 oz Bottle",Mixed Spices & Seasonings,4.92,$4.92,$1.58/oz
"McCormick Grill Mates Gluten Free Montreal Chicken Seasoning, 2.75 oz Bottle",Mixed Spices & Seasonings,2.23,$2.23,81.1 ¢/oz
"Great Value Taco Seasoning Mix, Original, 1 oz",Mixed Spices & Seasonings,0.47,$0.47,47.0 ¢/oz
"Kinder's Buttery Steak and Chop Seasoning Blend with Butter and Smoky BBQ Spices, 6.4 oz",Mixed Spices & Seasonings,4.97,$4.97,77.7 ¢/oz
"Kikkoman Fried Rice Seasoning Mix Packed Meals, 1 oz, Shelf Stable, Plastic Packet",Mixed Spices & Seasonings,1.38,$1.38,$1.38/oz
"Chef Merito Achiote Seasoning Paste, 3.5 Oz",Mixed Spices & Seasonings,2.38,$2.38,68.0 ¢/oz
"(8 pack) Old El Paso Taco Seasoning Mix, Original Flavor, 1 oz.",Mixed Spices & Seasonings,7.76,$7.76,97.0 ¢/oz
"Johnnys Fine Foods, Seasoning Salt, 16 oz",Mixed Spices & Seasonings,6.1,$6.10,38.1 ¢/oz
"Cavender's All Purpose Greek Seasoning, 8 oz",Mixed Spices & Seasonings,4.68,$4.68,58.5 ¢/oz
"Dash Garlic & Herb Seasoning Blend, Salt Free Kosher, 2.5 oz",Mixed Spices & Seasonings,3.38,$3.38,$1.35/oz
"Lawry's Casero Kosher Carne Asada Seasoning, 11.25 oz Bottle",Mixed Spices & Seasonings,4.17,$4.17,37.1 ¢/oz
"McCormick GRILL MATES Smoky Applewood Marinade, 1.0 oz Packet",Mixed Spices & Seasonings,1.32,$1.32,$1.32/oz
"Morton Season-All Seasoned Salt - Blend of Salt and Savory Spices, 8 oz",Mixed Spices & Seasonings,2.44,$2.44,30.5 ¢/oz
"Great Value Italian Seasoning, 2 oz",Mixed Spices & Seasonings,1.97,$1.97,98.5 ¢/oz
"Weber Garlic Parmesan Seasoning, Gluten Free, 4.3 oz",Mixed Spices & Seasonings,4.48,$4.48,$1.04/oz
"Kinder's Woodfired Steak Seasoning Blend with Smoky Garlic and Cracked Pepper, 1 oz Packet",Mixed Spices & Seasonings,1.84,$1.84,$1.84/oz
"Kinder's Sunday Pot Roast Stew Seasoning for Slow Cooking, 1 oz",Mixed Spices & Seasonings,1.84,$1.84,$1.67/oz
"Lawry's Salt & Pepper Vinegar Artificially Flavored Seasoning, 5.99 oz",Mixed Spices & Seasonings,6.64,$6.64,$1.11/oz
"Lawry's Kosher Seasoned Salt, 8.0 oz Bottle",Mixed Spices & Seasonings,3.28,$3.28,41.0 ¢/oz
"Great Value Curry Powder, 2 oz",Mixed Spices & Seasonings,2.08,$2.08,$1.04/oz
"Kinder's Garlic Parmesan Seasoning, 5.8 oz",Mixed Spices & Seasonings,5.23,$5.23,90.2 ¢/oz
"Zatarain's New Orleans Style Blackened Seasoning, 3.0 oz Can",Mixed Spices & Seasonings,4.08,$4.08,$1.36/oz
"Lawry's Hot Garlic Parmesan Seasoning, 5.11 oz",Mixed Spices & Seasonings,6.64,$6.64,$1.30/oz
"Great Value Fajita Seasoning Mix, 1.25 oz",Mixed Spices & Seasonings,0.64,$0.64,49.2 ¢/oz
"Kinder's Cowboy Butter Seasoning, 6.4oz",Mixed Spices & Seasonings,5.23,$5.23,81.7 ¢/oz
"Kinder's Hickory Brown Sugar Seasoning, 2.8 oz",Mixed Spices & Seasonings,2,$2.00,71.4 ¢/oz
"Tajn Clsico Reduced Sodium Seasoning, Mexican Chili Lime Seasoning, 5 oz",Mixed Spices & Seasonings,2.97,$2.97,59.4 ¢/oz
"McCormick Gluten Free Garlic and Onion, Black Pepper and Sea Salt All Purpose Seasoning, 4.25 oz Bottle",Mixed Spices & Seasonings,5.18,$5.18,$1.22/oz
"Simply Asia Bang Bang Seasoning, 3.12 oz Bottle",Mixed Spices & Seasonings,3.54,$3.54,$1.14/oz
"Great Value Garlic Parmesan Wing Seasoning Mix, 1 oz",Mixed Spices & Seasonings,1.22,$1.22,$1.22/oz
"Orville Redenbacher's White Cheddar Flavored Popcorn Seasoning, 2.6 oz.",Mixed Spices & Seasonings,3.28,$3.28,$1.26/oz
"McCormick Salt Free Sunshine by Tabitha Brown All Purpose Seasoning, 4.25 oz Bottle",Mixed Spices & Seasonings,4.98,$4.98,$1.17/oz
"GOYA Sazon with Coriander and Annatto Seasoning Mix, 36 Packets, 6.33 oz Box",Mixed Spices & Seasonings,4.38,$4.38,69.2 ¢/oz
"Great Value Salt-Free Original Seasoning Blend, 2.5 oz",Mixed Spices & Seasonings,2.08,$2.08,83.2 ¢/oz
"Dash Original Seasoning Blend, Salt free, Kosher, 2.5 oz",Mixed Spices & Seasonings,3.38,$3.38,$1.35/oz
"McCormick PERFECT PINCH Gluten Free Rotisserie Chicken Seasoning, 5.0 oz Bottle",Mixed Spices & Seasonings,4.68,$4.68,93.6 ¢/oz
"McCormick Smoky Sweet Pork Chops & Apples Seasoning Mix, 1.0 oz Pouch",Mixed Spices & Seasonings,2,$2.00,$2.00/oz
"Weber Honey Garlic Seasoning and Rub, 6.25 oz",Mixed Spices & Seasonings,4.48,$4.48,71.7 ¢/oz
"Great Value Black Pepper & Iodized Salt, 5.25 oz",Mixed Spices & Seasonings,1.94,$1.94,37.0 ¢/oz
"Kikkoman Mongolian Beef Seasoning Spices Mix, 1 oz, Shelf Stable, Plastic Packet",Mixed Spices & Seasonings,1.38,$1.38,$1.38/oz
"Weber Smoky Brown Sugar Dry Rub, 12 oz",Mixed Spices & Seasonings,7.82,$7.82,65.2 ¢/oz
"McCormick GRILL MATES Gluten Free Chipotle Pepper Marinade Seasoning Mix, 1.13 oz Packet",Mixed Spices & Seasonings,1.32,$1.32,$1.20/oz
"McCormick Loaded BBQ Burger Bowl Seasoning Mix, 1.25 oz Pouch",Mixed Spices & Seasonings,2,$2.00,$1.60/oz
"Orville Redenbacher's Vlasic Dill Pickle Flavored Popcorn Seasoning, 2.6 oz.",Mixed Spices & Seasonings,3.12,$3.12,$1.30/oz
"Tony Chacheres, Seasoning, Cajun, More Spice, 7 oz",Mixed Spices & Seasonings,2.52,$2.52,36.0 ¢/oz
"McCormick GRILL MATES Kosher Sweet & Smoky Rub, 5.37 oz Bottle",Mixed Spices & Seasonings,5.44,$5.44,$1.01/oz
"Kinder's The Steak Blend Seasoning for Grilling, 2.5 oz",Mixed Spices & Seasonings,2,$2.00,80.0 ¢/oz
"Tajn Twist Seasoning, Sweet and Spicy Seasoning, 5.64 oz",Mixed Spices & Seasonings,2.97,$2.97,52.7 ¢/oz
"McCormick Grill Mates Gluten Free Pineapple Teriyaki  Seasoning, 3.5 oz Bottle",Mixed Spices & Seasonings,2.08,$2.08,59.4 ¢/oz
"McCormick Salt Free Like Sweet Like Smoky by Tabitha Brown All Purpose Seasoning, 5.5 oz Bottle",Mixed Spices & Seasonings,5.98,$5.98,$1.09/oz
"Great Value Ground Cumin, 4.5 oz",Mixed Spices & Seasonings,4.37,$4.37,97.1 ¢/oz
"McCormick Meat Loaf Seasoning Mix, 1.5 oz Packet",Mixed Spices & Seasonings,1.98,$1.98,$1.32/oz
"McCormick Classic Beef Stew Seasoning Mix, 1.5 oz Packet",Mixed Spices & Seasonings,1.92,$1.92,$1.28/oz
"Great Value Salt & Vinegar Wing Seasoning Mix, 1.25 oz",Mixed Spices & Seasonings,1.28,$1.28,$1.02/oz
"Great Value Seasoned Meat Tenderizer, 5.75 oz",Mixed Spices & Seasonings,1.13,$1.13,19.7 ¢/oz
Dan-O's Original Seasoning - All-Purpose Seasoning - Great for grilling and cooking anything - Small bottle (3.5 oz),Mixed Spices & Seasonings,6.26,$6.26,$1.79/oz
"McCormick GRILL MATES Kosher Applewood Rub, 6.0 oz Bottle",Mixed Spices & Seasonings,5.44,$5.44,90.7 ¢/oz
"Weber Dry Smoking Rub Seasoning, 15.25 oz",Mixed Spices & Seasonings,7.82,$7.82,51.3 ¢/oz
"Spanglish Asadero Tex-Mex Chicken and Steak Seasoning, 4.7 oz",Mixed Spices & Seasonings,6.26,$6.26,$1.33/oz
"Frank's RedHot Gluten Free Stingin' Honey Garlic Seasoning Blend, 5.36 oz Bottle",Mixed Spices & Seasonings,5,$5.00,93.3 ¢/oz
"McCormick Grill Mates Montreal Steak Marinade Seasoning Mix, 0.71 oz Packet",Mixed Spices & Seasonings,1.43,$1.43,$2.01/oz
"Kinder's Lemon and Herb Chicken Seasoning Blend with Garlic, Sea Salt, Lemon, and Herbs, 6.3 oz",Mixed Spices & Seasonings,5.23,$5.23,83.0 ¢/oz
"Kinder's Grilled Chicken Seasoning Blend with Garlic, Sea Salt, and Herbs, 6 oz",Mixed Spices & Seasonings,5.23,$5.23,87.2 ¢/oz
Dan-O's Seasoning Red Pepper Cheesoning,Mixed Spices & Seasonings,6.26,$6.26,$2.41/oz
"Kinder's Woodfired Garlic Seasoning Blend with Smoked Garlic and BBQ Spices, 2.3 oz",Mixed Spices & Seasonings,2,$2.00,76.9 ¢/oz
"Orville Redenbacher's Nacho Cheese Flavored Popcorn Seasoning, 2.8 oz.",Mixed Spices & Seasonings,3.28,$3.28,$1.17/oz
"Great Value Beef Stew Seasoning Mix, 1.5 oz",Mixed Spices & Seasonings,0.93,$0.93,62.0 ¢/oz
"Great Value Ground Nutmeg, 1.5 oz",Mixed Spices & Seasonings,2.46,$2.46,$1.64/oz
"Great Value Ground Allspice, 2 oz",Single Herbs & Spices,2.12,$2.12,$1.06/oz
"(4 pack) Dash Garlic & Herb Seasoning Blend, Salt Free Kosher, 2.5 oz",Mixed Spices & Seasonings,13.52,$13.52,$1.35/oz
"Sun-Bird Fried Rice Seasoning Mix, .74oz",Mixed Spices & Seasonings,1.38,$1.38,$1.87/oz
"McCormick Flavor Maker Salmon Topping Seasoning, 2.87 oz Bottle",Mixed Spices & Seasonings,2.74,$2.74,95.5 ¢/oz
"Great Value Apple Pie Spice, 2 oz",Mixed Spices & Seasonings,2.64,$2.64,$1.32/oz
"McCormick Salt Free Very Good Garlic by Tabitha Brown All Purpose Seasoning, 4.87 oz Bottle",Mixed Spices & Seasonings,6.78,$6.78,$1.39/oz
"Kinder's Steakhouse Potato Seasoning Blend with Cracked Pepper, Sea Salt, Garlic, and Herbs, 5.3 oz",Mixed Spices & Seasonings,5.23,$5.23,98.7 ¢/oz
"McCormick Butter Chicken Seasoning Mix, 0.87 oz Bag",Mixed Spices & Seasonings,2,$2.00,$2.30/oz
"Great Value Meat Loaf Seasoning Mix, 1.5 oz",Mixed Spices & Seasonings,1.57,$1.57,$1.05/oz
"Fire & Smoke Society Steak Perfect Steak Seasoning, BBQ Rub, 6.4 oz Mixed Spices & Seasonings",Mixed Spices & Seasonings,4.97,$4.97,69.0 ¢/oz
"Great Value Pumpkin Pie Spice, 2 oz",Single Herbs & Spices,2.48,$2.48,$1.24/oz
"McCormick Gluten Free Salt Free Vegetable Seasoning, 4.16 oz Bottle",Mixed Spices & Seasonings,4.68,$4.68,$1.13/oz
"Weber Roasted Garlic & Herb Seasoning, 5.5 oz",Mixed Spices & Seasonings,4.48,$4.48,81.5 ¢/oz
"Great Value Paprika, 5.2 oz",Mixed Spices & Seasonings,4.12,$4.12,79.2 ¢/oz
"Sun Bird Mongolian Beef Seasoning Mix, 1 oz",Mixed Spices & Seasonings,1.38,$1.38,$1.38/oz
"Weber Gourmet Burger Seasoning, 5.75 oz",Mixed Spices & Seasonings,4.48,$4.48,77.9 ¢/oz
"Frank's RedHot Kosher Original Seasoning Blend, 4.12 oz Bottle",Mixed Spices & Seasonings,5.38,$5.38,$1.31/oz
"Taco Bell Original Taco Seasoning Mix, 1 oz Packet",Mixed Spices & Seasonings,0.82,$0.82,82.0 ¢/oz
"Kinder's The Steak Blend Seasoning, 6.2 oz",Mixed Spices & Seasonings,5.23,$5.23,84.4 ¢/oz
"Weber Kick'n Chicken Seasoning, Gluten Free, 5 oz",Mixed Spices & Seasonings,4.48,$4.48,89.6 ¢/oz
"McCormick Grill Mates Gluten Free Sweet & Tangy Seasoning, 2.9 oz Bottle",Mixed Spices & Seasonings,2.08,$2.08,71.7 ¢/oz
"Great Value Caribbean Jerk Wing Seasoning Mix, 0.87 oz",Mixed Spices & Seasonings,1.28,$1.28,$1.47/oz
"Crock-Pot Savory Pot Roast Seasoning Mix, 1.25 oz",Mixed Spices & Seasonings,1.97,$1.97,$1.58/oz
"Fire & Smoke Society Back Porch Burger Seasoning, 11.9 Ounce Mixed Spices & Seasonings",Mixed Spices & Seasonings,6.98,$6.98,58.7 ¢/oz
"Tone's Fried Chicken Seasoning, Kosher, 5.4 oz",Mixed Spices & Seasonings,4.54,$4.54,84.1 ¢/oz
"Weber Flavor Bomb Burger Seasoning, Gluten Free, 6.75 oz",Mixed Spices & Seasonings,4.48,$4.48,66.4 ¢/oz
"Kinder's Red Jalapeno Garlic Seasoning, 4.3 oz",Mixed Spices & Seasonings,5.23,$5.23,$1.22/oz
"McCormick Kosher Ground Nutmeg, 1.1 oz Bottle",Single Herbs & Spices,4.62,$4.62,$4.20/oz
"McCormick GRILL MATES Gluten Free Montreal Steak Seasoning, 11.62 oz Bottle",Mixed Spices & Seasonings,7.58,$7.58,65.2 ¢/oz
Dan-O's Preem-O Seasoning - All-Purpose Steak & Meat Seasoning - Great for cooking & grilling anything - Small bottle (3.4 oz),Mixed Spices & Seasonings,6.26,$6.26,$1.84/oz
"Dan-O's Cheesoning Seasoning - All-Purpose - Parmesan, Italian, Pasta Seasoning - Small bottle (2.6 oz)",Mixed Spices & Seasonings,6.26,$6.26,$2.41/oz
"McCormick Slow Cooker Savory Pot Roast Seasoning Mix, 1.3 oz Packet",Mixed Spices & Seasonings,2.92,$2.92,$2.25/oz
"Kinder's Original Taco Seasoning Blend with Mild Chili, Garlic, and Lime, 0.8 oz Packet",Mixed Spices & Seasonings,1.47,$1.47,$1.84/oz
"Simply Asia Sesame Ginger Hibachi Seasoning Mix, 1.0 oz Cup",Mixed Spices & Seasonings,1.78,$1.78,$1.78/oz
"Tone's Fry Day French Fry Seasoning Blend, 6.5 oz",Mixed Spices & Seasonings,4.54,$4.54,69.8 ¢/oz
"Spanglish Asadero Birria Seasoning Blend with Chilis, Tomato, and Spices, 1 oz Packet",Mixed Spices & Seasonings,1.97,$1.97,$1.97/oz
"Simply Asia Sichuan Stir-Fry Seasoning Mix, 0.75 oz Pouch",Mixed Spices & Seasonings,1.78,$1.78,$2.37/oz
"Tajn Clsico Seasoning, Mexican Chili Lime Seasoning, 5 oz",Mixed Spices & Seasonings,2.97,$2.97,59.4 ¢/oz
"McCormick GRILL MATES Gluten Free Brown Sugar Bourbon Seasoning, 9.75 oz Bottle",Mixed Spices & Seasonings,7.58,$7.58,77.7 ¢/oz
"McCormick Gluten Free Himalayan Pink Salt with Black Pepper and Garlic All Purpose Seasoning, 6.5 oz Bottle",Mixed Spices & Seasonings,5.18,$5.18,79.7 ¢/oz
"McCormick Slow Cooker Barbecue Pulled Pork Seasoning Mix, 1.6 oz Box",Mixed Spices & Seasonings,2.92,$2.92,$1.83/oz
"McCormick Garlic Butter Shrimp Scampi, 0.87 oz Packet",Mixed Spices & Seasonings,2.98,$2.98,$3.43/oz
"Fire & Smoke Society Lemon Pepper Seasoning, Chicken, Wing Seasoning, 6 oz Mixed Spices & Seasonings",Mixed Spices & Seasonings,4.97,$4.97,81.5 ¢/oz
"Kinder's Fajita Blend Mexican Seasoning & Spice, 1 oz",Mixed Spices & Seasonings,1.54,$1.54,$1.54/oz
"McCormick Thick And Zesty Spaghetti Sauce Seasoning Mix, 1.37 oz Packet",Mixed Spices & Seasonings,1.56,$1.56,$1.14/oz
"Kinder's Garlic and Herb Chicken Seasoning Blend with Italian Herbs and Lemon, 1 oz Packet",Mixed Spices & Seasonings,1.84,$1.84,$1.84/oz
"Lawry's Casero Kosher Adobo Seasoning Without Pepper, 14.37 oz Bottle",Mixed Spices & Seasonings,4,$4.00,27.8 ¢/oz
"Lawry's Jerk Seasoning, 4.93 oz",Mixed Spices & Seasonings,6.64,$6.64,$1.35/oz
"Spanglish Asadero Taco Seasoning, 1 oz",Mixed Spices & Seasonings,1.97,$1.97,$2.46/oz
"McCormick Kosher Lemon & Pepper Seasoning, 3.5 oz Bottle",Mixed Spices & Seasonings,3.54,$3.54,$1.01/oz
"OLD BAY Kosher Less Sodium Seasoning, 2.62 oz Can",Mixed Spices & Seasonings,3.24,$3.24,$1.24/oz
"Wings of Fury Honey Pepper Chicken Seasoning Mix, 1.4 oz. Packet (Shelf Stable)",Mixed Spices & Seasonings,1.82,$1.82,$1.30/oz
"Tajin Clasico Seasoning, Chili Lime Seasoning, 9 oz",Mixed Spices & Seasonings,4.98,$4.98,55.3 ¢/oz
"Tone's Blackened Seasoning, Kosher, 5.2 oz",Mixed Spices & Seasonings,4.54,$4.54,87.3 ¢/oz
"Mermans Revenge Lemon Pepper Seasoning, 4.35 oz, Shaker",Mixed Spices & Seasonings,4.97,$4.97,$1.14/oz
"Kinders Original Chili Seasoning, 1.1 oz Packet",Mixed Spices & Seasonings,1.54,$1.54,$1.40/oz
"Fire & Smoke Society Potato Slayer Vegetable Seasoning Blend, 10 Ounce Mixed Spices & Seasonings",Mixed Spices & Seasonings,6.98,$6.98,69.8 ¢/oz
"Cajun Two Step All Purpose Seasoning, Low Sodium, Bold Cajun Flavor, Great on All Proteins, 8 oz",Mixed Spices & Seasonings,4.76,$4.76,59.5 ¢/oz
"Blues Hog High Flyin' Chicken Seasoning, Gluten-Free, 6.5 oz",Mixed Spices & Seasonings,6.27,$6.27,96.5 ¢/oz
"Spanglish Asadero Barbacoa Seasoning Blend with Chipotle, Garlic, and Citrus, 1 oz Packet",Mixed Spices & Seasonings,1.97,$1.97,$1.97/oz
"Simply Asia Umami Ramen Japanese Style Seasoning, 2.62 oz Bottle",Mixed Spices & Seasonings,3.54,$3.54,$1.35/oz
"Lawry's Kosher Lemon Pepper Blend, 2.25 oz Bottle",Mixed Spices & Seasonings,3.72,$3.72,$1.65/oz
"Killer Hogs AP Seasoning, 14 oz",Mixed Spices & Seasonings,8.98,$8.98,64.1 ¢/oz
"Great Value Pickling Spice, 1.5 oz",Single Herbs & Spices,2.54,$2.54,$1.69/oz
"Dash Original Seasoning Blend, Salt Free, Kosher, 6.75 oz",Mixed Spices & Seasonings,6.74,$6.74,99.9 ¢/oz
"McCormick Korean BBQ Seasoning Mix, 1.12 oz Bag",Mixed Spices & Seasonings,2,$2.00,$1.79/oz
"McCormick Flavor Maker Veggie Topping Seasoning, 2.75 oz Bottle",Mixed Spices & Seasonings,2.74,$2.74,99.6 ¢/oz
"McCormick Gluten Free Garlic, Herb and Black Pepper and Sea Salt All Purpose Seasoning, 4.37 oz Bottle",Mixed Spices & Seasonings,5.18,$5.18,$1.19/oz
"McCormick Kosher Dark Chili Powder, 7.5 oz Bottle",Single Herbs & Spices,5.08,$5.08,67.7 ¢/oz
"Fire & Smoke Society Morning Buzz Hot Honey Barbecue Rub, 5.6 oz Mixed Spices & Seasonings",Mixed Spices & Seasonings,4.98,$4.98,88.9 ¢/oz
"Kinder's The Fajita Blend Seasoning with Citrus and Garlic, 5.1 oz",Mixed Spices & Seasonings,4.98,$4.98,97.6 ¢/oz
"McCormick PERFECT PINCH Kosher Italian Seasoning, 1.31 oz Bottle",Mixed Spices & Seasonings,4.68,$4.68,$3.57/oz
"McCormick Grill Mates Gluten Free 25% Less Sodium Montreal Steak Seasoning, 3.18 oz Bottle",Mixed Spices & Seasonings,2.23,$2.23,70.1 ¢/oz
"Spanglish Asadero All Purpose Seasoning Blend with Sea Salt, Garlic, Chili, and Citrus, 6 oz",Mixed Spices & Seasonings,6.26,$6.26,$1.04/oz
"McCormick Teriyaki Chicken Seasoning Mix, 1.25 oz Envelope",Mixed Spices & Seasonings,2,$2.00,$1.54/oz
"Spanglish Asadero Carne Asada Seasoning Blend with Chilis, Garlic, and Citrus, 0.8 oz Packet",Mixed Spices & Seasonings,1.97,$1.97,$2.46/oz
"McCormick Sloppy Joes Seasoning Mix, 1.31 oz Packet",Mixed Spices & Seasonings,1.92,$1.92,$1.47/oz
"Einstein Bros Everything Bagel Seasoning Blend, Kosher, 5 oz",Mixed Spices & Seasonings,4.33,$4.33,86.6 ¢/oz
FlavorGod Everything Seasoning,Mixed Spices & Seasonings,6.26,$6.26,$1.74/oz
"Simply Organic Mild Taco Seasoning, 1 oz Packet",Mixed Spices & Seasonings,1.67,$1.67,$1.67/oz
"Dash Everything but The Salt Seasoning Blend, Salt free, Kosher, 2.6 oz",Mixed Spices & Seasonings,3.38,$3.38,$1.30/oz
Flavortown All Purpose Seasoning 5 oz,Mixed Spices & Seasonings,5.12,$5.12,$1.02/oz
"Dash Onion & Herb Seasoning Blend, Salt Free, Kosher, 2.5 oz",Mixed Spices & Seasonings,3.38,$3.38,$1.35/oz
"Great Value Pot Roast Seasoning Mix, 1.27 oz",Mixed Spices & Seasonings,1.34,$1.34,$1.06/oz
"McCormick Original Taco Seasoning Mix, 8.5 oz Bottle",Mixed Spices & Seasonings,6.32,$6.32,74.4 ¢/oz
"Morton Natures Seasons Seasoning Blend  Savory Blend of Spices for Lighter Fare, 7.5 oz Canister",Mixed Spices & Seasonings,4.28,$4.28,57.1 ¢/oz
"McCormick Flavor Maker Chicken Topping Seasoning, 3.12 oz Bottle",Mixed Spices & Seasonings,2.74,$2.74,87.8 ¢/oz
"Simply Asia Chili Garlic Seasoning Mix, 0.75 oz Cup",Mixed Spices & Seasonings,1.78,$1.78,$2.37/oz
"Great Value Organic Ground Allspice, 1.6 oz",Mixed Spices & Seasonings,4.36,$4.36,$2.73/oz
"Kinder's Brown Sugar BBQ Seasoning Blend with Natural Wood Smoke Flavor, 1 oz Packet",Mixed Spices & Seasonings,1.84,$1.84,$1.84/oz
"McCormick Beef Stroganoff Sauce Seasoning Mix, 1.5 oz Packet",Mixed Spices & Seasonings,1.92,$1.92,$1.28/oz
"Mermans Revenge Cajun Style Seasoning, 3.6 oz, Shaker",Mixed Spices & Seasonings,4.97,$4.97,$1.38/oz
"McCormick GRILL MATES Zesty Herb Marinade Seasoning Mix, 1.06 oz Packet",Mixed Spices & Seasonings,1.32,$1.32,$1.25/oz
"(2 pack) Siete Mild Taco Seasoning, Mixed Spice, 1.31 oz. Packet",Mixed Spices & Seasonings,4.46,$4.46,$1.70/oz
"Kernel Season's Dill Pickle Popcorn Seasoning, 2.85 Ounces",Mixed Spices & Seasonings,3.48,$3.48,$1.22/oz
"McCormick Gluten Free Salt Free Garlic and Herb Seasoning, 4.37 oz Bottle",Mixed Spices & Seasonings,4.68,$4.68,$1.07/oz
"Weber Kansas City Sweet Tangy BBQ Dry Rub Seasoning, Gluten Free,14.5 oz",Mixed Spices & Seasonings,7.82,$7.82,53.9 ¢/oz
"McCormick Orange Beef & Noodle Stir Fry Seasoning Mix, 1.25 oz Pouch",Mixed Spices & Seasonings,1.83,$1.83,$1.46/oz
"McCormick GRILL MATES Gluten Free Roasted Garlic & Herb Seasoning, 9.25 oz Bottle",Mixed Spices & Seasonings,7.88,$7.88,85.2 ¢/oz
"McCormick Beef Broccoli Seasoning Mix, 1.37 oz Bag",Mixed Spices & Seasonings,2,$2.00,$1.46/oz
"Kernel Season's Brand Movie Theater Butter Popcorn Topping Spritzer, 5 oz Bottle Spray",Mixed Spices & Seasonings,4.43,$4.43,88.6 ¢/fl oz
"Great Value Pork Rub Seasoning, 8.1 oz",Mixed Spices & Seasonings,4.78,$4.78,59.0 ¢/oz
"Spanglish Asadero Chile Verde Seasoning Blend with Garlic, Onion, and Spices, 0.85 oz Packet",Mixed Spices & Seasonings,1.97,$1.97,$2.32/oz
"Fire & Smoke Society Chica Licka Bam Bam Chicken Seasoning, 10.7oz",Mixed Spices & Seasonings,6.98,$6.98,65.2 ¢/oz
"Yellowstone Cowboy BBQ, 5.3oz (Mixed Spices & Seasonings)",Mixed Spices & Seasonings,6.48,$6.48,$1.22/oz
"Dash Table Blend Seasoning Blend, Salt Free, Kosher, 2.5 oz",Mixed Spices & Seasonings,3.38,$3.38,$1.35/oz
"McCormick PERFECT PINCH Kosher Lemon & Pepper Seasoning, 11.37 oz Bottle",Mixed Spices & Seasonings,7.58,$7.58,66.7 ¢/oz
"Dash Chicken Grilling Blends, Salt Free, 2.4 oz",Mixed Spices & Seasonings,3.38,$3.38,$1.41/oz
(2 pack) Badia Jamaican Jerk Seasoning,Mixed Spices & Seasonings,5.46,$5.46,54.6 ¢/oz
"McCormick Grill Mates Garlic, Herb & Wine Marinade Seasoning Mix, 0.87 oz Packet",Mixed Spices & Seasonings,1.32,$1.32,$1.52/oz
"Mermans Revenge Blackened Seasoning, 3.75 oz, Shaker",Mixed Spices & Seasonings,4.97,$4.97,$1.33/oz
Pioneer Brand Gluten Free Taco Seasoning - 1 oz,Mixed Spices & Seasonings,1.98,$1.98,$1.98/oz
"Spiceology Double Garlic Seasoning Blend, 3 oz Jar",Mixed Spices & Seasonings,5.74,$5.74,$1.91/oz
"Dash Garlic & Herb Seasoning Blend, Salt Free, Kosher, 6.75 oz",Mixed Spices & Seasonings,6.74,$6.74,99.9 ¢/oz
"McCormick One Pot Lasagna Soup Seasoning Mix, 1.5 oz Pouch",Mixed Spices & Seasonings,1.83,$1.83,$1.22/oz
"McCormick Flavor Maker Asian Rice Bowl Topping Seasoning, 2.5 oz Bottle",Mixed Spices & Seasonings,2.74,$2.74,$1.10/oz
"McCormick Garlic Salt, 5.25 oz Bottle",Mixed Spices & Seasonings,2.68,$2.68,51.0 ¢/oz
"Hidden Valley Ranch Night Buttermilk Chicken Premium Seasoning Mix, 1 oz",Mixed Spices & Seasonings,1.93,$1.93,$1.93/oz
"Weber Savory Steakhouse Seasoning Blend, 6.1 oz Bottle",Mixed Spices & Seasonings,4.48,$4.48,73.4 ¢/oz
"Simply Organic Fajita Seasoning Mix, 1 oz Packet",Mixed Spices & Seasonings,1.62,$1.62,$1.62/oz
"Mizkan Mirin Sweet Cooking Seasoning, 12 fl oz",Mixed Spices & Seasonings,3.12,$3.12,26.0 ¢/fl oz
"Weber Chicago Steak Seasoning, Gluten Free, 5.5 oz Shaker",Mixed Spices & Seasonings,4.48,$4.48,81.5 ¢/oz
"Ac'cent Flavor Enhancer MSG, Kosher, 4.5 oz",Mixed Spices & Seasonings,4.17,$4.17,92.7 ¢/oz
"Cajun Two Step Fire 8 oz, All Purpose Seasoning, Low Sodium",Mixed Spices & Seasonings,4.76,$4.76,59.5 ¢/oz
"Tony Chacheres, Seasoning, Cajun, No Salt, 5 oz",Mixed Spices & Seasonings,4.54,$4.54,90.8 ¢/oz
"Fire & Smoke Society Garlic Butter Steak Seasoning, 6.2 Ounce Steak Rub Seasoning Blend",Mixed Spices & Seasonings,4.98,$4.98,80.3 ¢/oz
"Blues Hog Sweet & Savory Seasoning, Gourmet Dry Rub with Sweet Heat, All-Natural, Gluten-Free, 6.25 oz",Mixed Spices & Seasonings,6.27,$6.27,$1.00/oz
"Spanglish Asadero Pollo Asado Seasoning Blend with Garlic, Smoked Chili, and Spices, 0.8 oz Packet",Mixed Spices & Seasonings,1.97,$1.97,$2.46/oz
"Fire & Smoke Society Thundering Longhorn Steak Seasoning, 12.5 oz Mixed Spices & Seasonings",Mixed Spices & Seasonings,6.98,$6.98,55.8 ¢/oz
"(3 pack) bettergoods Mushroom Umami Seasoning, 2.7 oz",Mixed Spices & Seasonings,9.36,$9.36,$1.16/oz
"Fire & Smoke Society Chica Licka Garlic and Herb Seasoning, Chicken Seasoning, 5.5 Ounce Mixed Spices & Seasonings",Mixed Spices & Seasonings,4.97,$4.97,85.7 ¢/oz
"Tone's Ultimate Garlic Seasoning, Kosher, 5.8 oz",Mixed Spices & Seasonings,4.54,$4.54,78.3 ¢/oz
"McCormick Kosher Garlic Powder, 8.75 oz Bottle",Single Herbs & Spices,8.34,$8.34,95.3 ¢/oz
"Weber Smokey Mesquite Seasoning, Gluten Free, 6 oz",Mixed Spices & Seasonings,4.48,$4.48,74.7 ¢/oz
"Simply Organic Mild Chili Seasoning Mix, 1 oz Packet",Mixed Spices & Seasonings,1.74,$1.74,$1.74/oz
"McCormick Mom's Cheesy Chicken & Rice Casserole Seasoning Mix, 1.25 oz Pouch",Mixed Spices & Seasonings,1.83,$1.83,$1.46/oz
"McCormick Grill Mates Gluten Free Montreal Chicken Seasoning, 8.0 oz Bottle",Mixed Spices & Seasonings,7.58,$7.58,94.8 ¢/oz
"Spanglish Asadero Al Pastor Seasoning Blend with Chilis, Garlic, Spices & Pineapple, 0.8 oz Packet",Mixed Spices & Seasonings,1.97,$1.97,$2.46/oz
"Ac'cent Flavor Enhancer MSG, Kosher, 10 oz",Single Herbs & Spices,6.27,$6.27,62.7 ¢/oz
"McCormick 30% Less Sodium Meat Loaf Seasoning Mix, 1.25 oz Packet",Mixed Spices & Seasonings,1.92,$1.92,$1.54/oz
"Urban Accents Korean Sweet & Spicy Veggie Roaster Seasoning Blend, 0.5 oz. Pouch",Mixed Spices & Seasonings,1.73,$1.73,$3.46/oz
"Slap Ya Mama Cajun Seasoning by Walker & Sons, Original Blend, 16 oz Canister  Certified Cajun, Gluten Free, No MSG",Mixed Spices & Seasonings,4.94,$4.94,30.9 ¢/oz
Dan-O's Seasoning - Chili Lime,Mixed Spices & Seasonings,6.26,$6.26,$1.90/oz
"Great Value Original Taco Seasoning Mix, 8.5 oz",Mixed Spices & Seasonings,4.86,$4.86,57.2 ¢/oz
"McCormick Grill Mates Gluten Free Hamburger Seasoning, 7.75 oz Bottle",Mixed Spices & Seasonings,7.58,$7.58,97.8 ¢/oz
"VAHDAM Authentic All Purpose Seasoning, 2.47 OZ Tin",Mixed Spices & Seasonings,4.12,$4.12,$1.67/oz
"Dash Table Blend Seasoning, Salt Free, Kosher, 6.75 oz",Mixed Spices & Seasonings,6.74,$6.74,99.9 ¢/oz
"McCormick Chipotle Chicken Burrito Bowl Seasoning Mix, 1.5 oz Pouch",Mixed Spices & Seasonings,2,$2.00,$1.33/oz
"McCormick Kosher Poultry Seasoning, 0.65 oz Bottle",Mixed Spices & Seasonings,3.12,$3.12,$4.80/oz
"McCormick GRILL MATES Brown Sugar Bourbon Marinade, 1.25 oz Packet",Mixed Spices & Seasonings,1.32,$1.32,$1.06/oz
"Lawry's Kosher Coarse Ground With Parsley Garlic Salt, 6.0 oz Bottle",Mixed Spices & Seasonings,3.96,$3.96,66.0 ¢/oz
"Great Value Taco Seasoning Mix, 1.25 oz",Mixed Spices & Seasonings,0.57,$0.57,45.6 ¢/oz
"Weber Steak 'N Chop Seasoning, 6 oz",Mixed Spices & Seasonings,4.48,$4.48,74.7 ¢/oz
"McCormick Kosher Ground Cinnamon, 7.12 oz Bottle",Mixed Spices & Seasonings,6.46,$6.46,90.7 ¢/oz
"Traeger Pellet Grills Blackened Saskatchewan Rub, Mixed Spices and Seasonings, 13.75 oz",Mixed Spices & Seasonings,9.97,$9.97,72.5 ¢/oz
"Dash Pasta Blend Garlic Pesto, Salt Free Seasoning Blend, 2.0 oz Bottle",Mixed Spices & Seasonings,3.38,$3.38,$1.69/oz
"Dash Southwest Chipotle Seasoning Blend, Salt Free, 2.5 oz",Mixed Spices & Seasonings,3.38,$3.38,$1.35/oz
"Blues Hog Bold & Beefy Seasoning, Gluten-Free, 6 oz",Mixed Spices & Seasonings,6.27,$6.27,$1.05/oz
"Taco Bell Mild Taco Seasoning Mix, 1 oz Packet",Mixed Spices & Seasonings,0.82,$0.82,82.0 ¢/oz
"(10 pack) GOYA Sazon with Coriander and Annatto Seasoning Mix, 36 Packets, 6.33 oz Box",Mixed Spices & Seasonings,43.8,$43.80,69.2 ¢/oz
"Old El Paso Taco Seasoning Mix, 25% Less Sodium, Gluten Free, 1 oz",Mixed Spices & Seasonings,0.97,$0.97,97.0 ¢/oz
"Lawry's Chicken Taco Spices & Seasonings, 1.0 oz Packet",Mixed Spices & Seasonings,1.52,$1.52,$1.52/oz
"Tajn Clsico Reduced Sodium Seasoning, Chili Lime Seasoning, 9 oz",Mixed Spices & Seasonings,5.98,$5.98,66.4 ¢/oz
"Spiceology Candied Bacon Sriracha Seasoning Blend, 3.2 oz Jar",Mixed Spices & Seasonings,5.74,$5.74,$1.79/oz
"Kosmos Q Buffalo Wing Dust Seasoning, 4.7 oz Shaker",Mixed Spices & Seasonings,8.78,$8.78,$1.91/oz
"McCormick Kosher Curry Powder, 1.75 oz Bottle",Mixed Spices & Seasonings,4.36,$4.36,$2.49/oz
"Lawry's Chili Spices & Seasonings Mix, 1.48 oz Packet",Mixed Spices & Seasonings,1.94,$1.94,$1.31/oz
"McCormick Non-GMO Kosher Garlic Salt, 15.75 oz Bottle",Mixed Spices & Seasonings,5.9,$5.90,37.5 ¢/oz
"Siete Family Foods, Spicy Taco Seasoning Spice Mix, 1.31 oz. Packet",Mixed Spices & Seasonings,2.23,$2.23,$1.70/oz
Killer Hogs The BBQ Rub 16 oz,Mixed Spices & Seasonings,8.98,$8.98,56.1 ¢/oz
"(5 pack) Spanglish Asadero Birria Seasoning Blend with Chilis, Tomato, and Spices, 1 oz Packet",Mixed Spices & Seasonings,9.85,$9.85,$1.97/oz
"Yellowstone Cattleman Steak Rub, 5.4oz (Mixed Spices & Seasonings)",Mixed Spices & Seasonings,6.48,$6.48,$1.20/oz
"Orville Redenbacher's Cinnabon Bakery Inspired Cinnamon Roll Flavored Popcorn Seasoning, 3.3 oz.",Mixed Spices & Seasonings,3.28,$3.28,99.4 ¢/oz
"(3 pack) Kinder's Classic Meatloaf Seasoning Mix, 1 oz Packet",Mixed Spices & Seasonings,5.52,$5.52,$1.67/oz
Dan-O's Tac-O Seasoning - All-Purpose Taco Seasoning - Great for cooking & grilling anything - Small bottle (3.35 oz),Mixed Spices & Seasonings,6.26,$6.26,$1.87/oz
"McCormick Kosher Celery Salt, 4.0 oz Bottle",Mixed Spices & Seasonings,5.27,$5.27,$1.32/oz
"Weber BOLD Fiery Chicken Seasoning, Chicken Seasoning Blend, 5.8 oz Shaker Bottle",Mixed Spices & Seasonings,5.12,$5.12,88.3 ¢/oz
"Great Value Mild Chili Seasoning Mix, 1 oz",Mixed Spices & Seasonings,0.78,$0.78,78.0 ¢/oz
"Kosmos Q Honey BBQ Wing Dust Seasoning, 5.5 oz Shaker",Single Herbs & Spices,8.38,$8.38,$1.52/oz
"Old El Paso Mild Taco Seasoning Mix, Gluten Free, 1 oz",Mixed Spices & Seasonings,0.97,$0.97,97.0 ¢/oz
"(3 pack) Great Value Everything Bagel Seasoning, 2.6 oz",Mixed Spices & Seasonings,7.5,$7.50,96.2 ¢/oz
"McCormick 30% Less Sodium Chili Mild Seasoning Mix, 1.25 oz Packet",Mixed Spices & Seasonings,1.37,$1.37,$1.10/oz
"McCormick Flavor Maker Pasta Topping Seasoning, 2.5 oz Bottle",Mixed Spices & Seasonings,2.74,$2.74,$1.10/oz
"McCormick Ground Ginger, 1.5 oz Bottle",Mixed Spices & Seasonings,4.5,$4.50,$3.00/oz
"McCormick Gluten Free Hibachi Chicken & Rice Seasoning Mix, 1.0 oz Pouch",Mixed Spices & Seasonings,1.83,$1.83,$1.83/oz
"Siete Mild Taco Seasoning, Mixed Spice, 1.31 oz. Packet",Mixed Spices & Seasonings,2.23,$2.23,$1.70/oz
"McCormick Kosher Pumpkin Pie Spice, 1.12 oz Bottle",Mixed Spices & Seasonings,5.12,$5.12,$4.57/oz
"Dash Lemon Pepper Seasoning Blend, Kosher, Salt-Free, 2.5 oz Shaker",Mixed Spices & Seasonings,3.38,$3.38,$1.35/oz
"Hidden Valley Lemon Pepper Premium Recipe Mix and Seasoning Mix, 1 oz.",Mixed Spices & Seasonings,1.92,$1.92,$1.92/oz
"Kinder's Butcher's Burger Blend Seasoning, 5.5 oz",Mixed Spices & Seasonings,5.23,$5.23,95.1 ¢/oz
"Blues Hog Original Dry Rub Seasoning, Gluten Free, 5.5 oz",Mixed Spices & Seasonings,6.27,$6.27,$1.14/oz
"Dash Pasta Blend Spicy Italian, Salt Free Seasoning Blend, 1.6 oz Bottle",Mixed Spices & Seasonings,3.38,$3.38,$2.11/oz
"Great Value Lemon & Pepper Seasoning, 26 oz",Mixed Spices & Seasonings,8.78,$8.78,33.8 ¢/oz
"(3 pack) Kinders Original Chili Seasoning, 1.1 oz Packet",Mixed Spices & Seasonings,4.62,$4.62,$1.40/oz
"Weber BOLD Smoky & Sweet Seasoning with Chipotle Pepper, Seasoning Blend, 6.4 oz Bottle",Mixed Spices & Seasonings,5.12,$5.12,80.0 ¢/oz
"Fire & Smoke Society Pork Perfect Spice Blend, BBQ Seasoning, 10.7 Ounce Mixed Spices & Seasonings",Mixed Spices & Seasonings,6.98,$6.98,65.2 ¢/oz
"Sun-Bird General Tso's Chicken Seasoning Mix, 1.13 oz Pouch",Mixed Spices & Seasonings,1.38,$1.38,$1.22/oz
"Fire & Smoke Society The Usual All Purpose BBQ Seasoning, 10.7 Ounce Mixed Spices & Seasonings",Mixed Spices & Seasonings,6.98,$6.98,65.2 ¢/oz
"(4 pack) Kinder's Woodfired Chili Seasoning for Slow Cooking, 1 oz",Mixed Spices & Seasonings,6.96,$6.96,$1.74/oz
"McCormick Italian Mushroom Spaghetti Sauce Seasoning Mix, 1.5 oz Packet",Mixed Spices & Seasonings,1.56,$1.56,$1.04/oz
"Lawry's Chicken Fajita Seasoning Mix, 1.0 oz Packet",Mixed Spices & Seasonings,1.86,$1.86,$1.86/oz
"(6 pack) Morton Season-All Seasoned Salt - Blend of Salt and Savory Spices, 8 oz",Mixed Spices & Seasonings,14.64,$14.64,30.5 ¢/oz
"Morton® McCormick Iodized Salt & Pepper, Shaker Set of 2, 5.25 oz",Salt & Pepper Shakers,2.32,$2.32,44.2 ¢/oz
"(3 pack) Kinder's Roast Chicken with Garlic and Herbs Seasoning, 2.3 oz",Mixed Spices & Seasonings,6,$6.00,87.0 ¢/oz
"Weber BOLD Steakhouse Reserve Seasoning, Steak Seasoning Blend, 6.9 oz Shaker Bottle",Mixed Spices & Seasonings,4.68,$4.68,67.8 ¢/oz
"Hormel Original Chili Seasoning Mix, 1 oz Pouch",Mixed Spices & Seasonings,1.54,$1.54,$1.54/oz
"Kosmos Q Garlic Parmesan Wing Dust Seasoning, 5.1 oz Shaker",Mixed Spices & Seasonings,8.78,$8.78,$1.72/oz
"Great Value Organic Pumpkin Pie Spice, 1.65 oz",Mixed Spices & Seasonings,4.58,$4.58,$2.78/oz
"(4 pack) Taco Bell Original Taco Seasoning Mix, 1 oz Packet",Mixed Spices & Seasonings,3.28,$3.28,82.0 ¢/oz
"McCormick Perfect Roast Chicken & Vegetables Seasoning Mix, 1.0 oz Pouch",Mixed Spices & Seasonings,2,$2.00,$2.00/oz
"(5 pack) Spanglish Asadero Pollo Asado Seasoning Blend with Garlic, Smoked Chili, and Spices, 0.8 oz Packet",Mixed Spices & Seasonings,9.85,$9.85,$2.46/oz
"(3 pack) Kinder's Red Jalapeno Garlic Seasoning, 4.3 oz",Mixed Spices & Seasonings,15.69,$15.69,$1.22/oz
"(2 pack) Spanglish Asadero Taco Seasoning, 1 oz",Mixed Spices & Seasonings,3.94,$3.94,$2.46/oz
"McCormick Creamy Tuscan Chicken & Pasta Seasoning Mix, 0.87 oz Pouch",Mixed Spices & Seasonings,1.83,$1.83,$2.10/oz
"G Hughes Sugar Free Chicken Herb Rub Seasoning, 3.75 oz Bottle",Mixed Spices & Seasonings,4.47,$4.47,$1.19/oz
"Mermans Revenge Salmon Seasoning, 4.05 oz, Shaker",Mixed Spices & Seasonings,4.97,$4.97,$1.23/oz
"Great Value Ground Turmeric, 6.2 oz",Mixed Spices & Seasonings,5.17,$5.17,83.4 ¢/oz
"McCormick Less Sodium Chili Seasoning Mix, 1.25 oz Packet",Mixed Spices & Seasonings,1.37,$1.37,$1.10/oz
"(3 pack) Great Value Italian Seasoning, 2 oz",Mixed Spices & Seasonings,5.91,$5.91,98.5 ¢/oz
"(2 pack) Killer Hogs AP Seasoning, 14 oz",Mixed Spices & Seasonings,17.96,$17.96,64.1 ¢/oz
"Great Value Mild Taco Seasoning Mix, 1 oz",Mixed Spices & Seasonings,0.47,$0.47,47.0 ¢/oz
"Traeger Pellet Grills Pork and Poultry Rub Seasoning, 6.5 oz Bottle",Mixed Spices & Seasonings,6.48,$6.48,99.7 ¢/oz
"Mrs. Wages Pickle Seasoning, Canning Supplies for Homemade Pickles, 1.75 oz Pickling Spice Shaker",Mixed Spices & Seasonings,2.97,$2.97,$1.70/oz
"(2 pack) Walkerswood Traditional Jamaican Jerk Seasoning, Hot & Spicy, 10 oz",Mixed Spices & Seasonings,10.94,$10.94,54.7 ¢/oz
"McCormick PERFECT PINCH Italian Seasoning, 2.25 oz Bottle",Mixed Spices & Seasonings,7.22,$7.22,$3.21/oz
"Great Value Reduced Sodium Taco Seasoning Mix, 1 oz",Mixed Spices & Seasonings,0.54,$0.54,54.0 ¢/oz
"McCormick PERFECT PINCH Gluten Free Steak Seasoning, 7.0 oz Bottle",Mixed Spices & Seasonings,5.18,$5.18,74.0 ¢/oz
"(5 pack) GOYA Sazon with Coriander and Annatto Seasoning Mix, 36 Packets, 6.33 oz Box",Mixed Spices & Seasonings,21.9,$21.90,69.2 ¢/oz
"(3 pack) Great Value Poultry Seasoning, 1.5 oz",Mixed Spices & Seasonings,5.91,$5.91,$1.31/oz
"Great Value Street Taco Seasoning Mix, 1 oz",Mixed Spices & Seasonings,1.12,$1.12,$1.12/oz
"(4 pack) Dash Table Blend Seasoning, Salt Free, Kosher, 6.75 oz",Mixed Spices & Seasonings,26.96,$26.96,99.9 ¢/oz
"(4 pack) Kinder's The Blend Seasoning with Salt, Pepper and Garlic, 6.25 oz",Mixed Spices & Seasonings,20.92,$20.92,83.7 ¢/oz
"Traeger Pellet Grills Beef Rub, Mixed Spices and Seasonings, 12.5 oz",Mixed Spices & Seasonings,9.97,$9.97,79.8 ¢/oz
"McCormick Chili Seasoning Mix, 7.3 oz Bottle",Mixed Spices & Seasonings,7.08,$7.08,97.0 ¢/oz
"Kosmos Q Dirty Bird Dry BBQ Rub and Seasonings for Beef, Chicken & Pork, 11 oz",Mixed Spices & Seasonings,10.96,$10.96,99.6 ¢/oz
"(3 pack) Kinder's Grandpa's Beef Stew Seasoning for Slow Cooking, 1.2 oz",Mixed Spices & Seasonings,5.52,$5.52,$1.53/oz
"McCormick 30% Less Sodium Mild Taco Seasoning Mix, 1.0 oz Packet",Mixed Spices & Seasonings,0.97,$0.97,97.0 ¢/oz
"(5 pack) Spanglish Asadero Al Pastor Seasoning Blend with Chilis, Garlic, Spices & Pineapple, 0.8 oz Packet",Mixed Spices & Seasonings,9.85,$9.85,$2.46/oz
"French's Original Chili-O Seasoning Mix, 1.75 oz Packet",Mixed Spices & Seasonings,1.68,$1.68,96.0 ¢/oz
"Kosmos Q Honey Killer Bee Dry BBQ Rub and Seasonings for Beef, Chicken & Pork, 13.2 oz",Mixed Spices & Seasonings,10.96,$10.96,83.0 ¢/oz
"(4 pack) Kinder's The Blend Seasoning, 3.0 oz",Mixed Spices & Seasonings,8,$8.00,66.7 ¢/oz
"(3 pack) Kinder's The Steak Blend Seasoning for Grilling, 2.5 oz",Mixed Spices & Seasonings,6,$6.00,80.0 ¢/oz
"(3 pack) Tony Chacheres, Seasoning, Cajun, No Salt, 5 oz",Mixed Spices & Seasonings,13.62,$13.62,90.8 ¢/oz
"Osmo Golden Gourmet Blend for Chicken, Chef-Crafted Michelin-Star Quality Seasoning, 4.7 oz Powder",Mixed Spices & Seasonings,6.27,$6.27,$1.33/oz
"Dash Salt-Free Lemon Pepper Seasoning Blend, Kosher, 6.75 oz Shaker",Mixed Spices & Seasonings,6.74,$6.74,99.9 ¢/oz
"(2 pack) Weber Garlic Parmesan Seasoning, Gluten Free, 4.3 oz",Mixed Spices & Seasonings,8.96,$8.96,$1.04/oz
"Traeger Pellet Grills Fin & Feather Rub, Mixed Spices and Seasonings, 8.5 oz",Mixed Spices & Seasonings,9.97,$9.97,$1.17/oz
"(3 pack) Tajin Clasico Seasoning, Chili Lime Seasoning, 9 oz",Mixed Spices & Seasonings,14.94,$14.94,55.3 ¢/oz
"Fire & Smoke Society Fat Granny's Cajun Steak Seasoning, 4.8 Ounce Mixed Spices & Cajun Seasonings",Mixed Spices & Seasonings,4.98,$4.98,$1.04/oz
"(6 pack) Badia Complete Seasoning, 6 oz - All Purpose Spice Blend of Garlic, Onion, Salt, Pepper, Herbs & Spices, Gluten Free",Mixed Spices & Seasonings,15,$15.00,41.7 ¢/oz
"McCormick Hot Chili Seasoning Mix, 1.25 oz Packet",Mixed Spices & Seasonings,1.37,$1.37,$1.10/oz
"(2 pack) Siete Family Foods, Spicy Taco Seasoning Spice Mix, 1.31 oz. Packet",Mixed Spices & Seasonings,4.46,$4.46,$1.70/oz
"(5 pack) Spanglish Asadero Carne Asada Seasoning Blend with Chilis, Garlic, and Citrus, 0.8 oz Packet",Mixed Spices & Seasonings,9.85,$9.85,$2.46/oz
"Lawry's Fajitas Spices & Seasonings, 1.27 oz Packet",Mixed Spices & Seasonings,2.08,$2.08,$1.60/oz
"Great Value Guacamole Seasoning Mix, 1 oz",Mixed Spices & Seasonings,1.22,$1.22,$1.22/oz
"(3 pack) Four Sixes Chuck Wagon Chili Mix, Texas Style Seasoning Blend, Hint of Heat, 1.25oz Packet",Mixed Spices & Seasonings,6.24,$6.24,$1.66/oz
"(12 pack) Great Value Taco Seasoning Mix, 1.25 oz",Mixed Spices & Seasonings,6.84,$6.84,45.6 ¢/oz
"(3 pack) Hidden Valley Lemon Pepper Premium Recipe Mix and Seasoning Mix, 1 oz.",Mixed Spices & Seasonings,5.76,$5.76,$1.92/oz
"(4 pack) Weber Roasted Garlic & Herb Seasoning, 5.5 oz",Mixed Spices & Seasonings,16.64,$16.64,75.6 ¢/oz
"(6 pack) Mrs. Wages Pickle Seasoning, Canning Supplies for Homemade Pickles, 1.75 oz Pickling Spice Shaker",Mixed Spices & Seasonings,16.57,$16.57,$1.58/oz
"Spanglish Asadero Chili Con Carne Seasoning Blend with Chilis, Garlic, and Onion, 1.2 oz Packet",Mixed Spices & Seasonings,1.97,$1.97,$1.64/oz
"(3 pack) Mrs. Wages Pickle Seasoning, Canning Supplies for Homemade Pickles, 1.75 oz Pickling Spice Shaker",Mixed Spices & Seasonings,8.46,$8.46,$1.61/oz
"(5 pack) Kinder's Fajita Blend Mexican Seasoning & Spice, 1 oz",Mixed Spices & Seasonings,7.7,$7.70,$1.54/oz
"(2 pack) Tony Chachere's, Cajun, Creole, Original Seasoning, 17 oz, Shelf Stable, Nut Free, No MSG",Mixed Spices & Seasonings,6.56,$6.56,19.3 ¢/oz
"Helper Breakfast Farmhouse Hashbrowns with Bell Pepper & Onion Seasoning, 4oz Box",Mixed Spices & Seasonings,1.84,$1.84,46.0 ¢/oz
"(5 pack) Kinder's Sunday Pot Roast Stew Seasoning for Slow Cooking, 1 oz",Mixed Spices & Seasonings,9.2,$9.20,$1.67/oz
"McCormick Tex-Mex Chili Seasoning Mix, 1.25 oz Packet",Mixed Spices & Seasonings,1.37,$1.37,$1.10/oz
"(3 pack) Orville Redenbacher's White Cheddar Flavored Popcorn Seasoning, 2.6 oz.",Mixed Spices & Seasonings,9.84,$9.84,$1.26/oz
"(5 pack) Great Value Pot Roast Seasoning Mix, 1.27 oz",Mixed Spices & Seasonings,6.7,$6.70,$1.06/oz
"(4 pack) Dash Original Seasoning Blend, Salt free, Kosher, 2.5 oz",Mixed Spices & Seasonings,13.52,$13.52,$1.35/oz
"(3 pack) Fire & Smoke Society The Usual All Purpose BBQ Seasoning, 10.7 Ounce Mixed Spices & Seasonings",Mixed Spices & Seasonings,20.94,$20.94,65.2 ¢/oz
"(12 pack) Great Value Chili Seasoning Mix, 1.25 oz",Mixed Spices & Seasonings,8.88,$8.88,59.2 ¢/oz
"(4 pack) Kinder's Buttery Steakhouse Seasoning, 5.5 oz.",Mixed Spices & Seasonings,20.92,$20.92,95.1 ¢/oz
"(4 pack) Kinder's Buttery Steakhouse Seasoning, 2.3 oz",Mixed Spices & Seasonings,8,$8.00,87.0 ¢/oz
"Kosmos Q Double Pepper Cow Cover Seasoning for Beef, Chicken & Pork, 10 oz Shaker",Mixed Spices & Seasonings,11.53,$11.53,$1.15/oz
"(4 pack) Tony Chacheres, Seasoning, Cajun, More Spice, 7 oz",Mixed Spices & Seasonings,10.08,$10.08,36.0 ¢/oz
"(4 pack) Weber Beer Can Chicken, Mixed Spices & Seasoning, Gluten Free, 5.5 oz",Mixed Spices & Seasonings,17.92,$17.92,81.5 ¢/oz
"(12 pack) Great Value Fajita Seasoning Mix, 1.25 oz",Mixed Spices & Seasonings,7.68,$7.68,49.2 ¢/oz
"(4 pack) Cajun Two Step All Purpose Seasoning, Low Sodium, Bold Cajun Flavor, Great on All Proteins, 8 oz",Mixed Spices & Seasonings,19.04,$19.04,59.5 ¢/oz
"(4 pack) Weber Honey Garlic Seasoning and Rub, 6.25 oz",Mixed Spices & Seasonings,17.92,$17.92,71.7 ¢/oz
"(12 pack) McCormick Thick And Zesty Spaghetti Sauce Seasoning Mix, 1.37 oz Packet",Mixed Spices & Seasonings,18.72,$18.72,$1.14/oz
"Great Value Mild Taco Seasoning Mix, 1 oz",Mixed Spices & Seasonings,0.57,$0.57,57.0 ¢/oz
"(4 pack) Chicken of the Sea Wild Caught Alaskan Pink Salmon, Everything Bagel Seasoning Packet 2.5 oz",Mixed Spices & Seasonings,6.16,$6.16,61.6 ¢/oz
"Helper Breakfast Southwest Style Hashbrowns with Robust Tex-Mex Seasoning, 4oz Box",Mixed Spices & Seasonings,1.84,$1.84,46.0 ¢/oz
"TruLabs Hydrate Powders Glacier, Electrolyte Drink Mix, 16 Stick Packets",Electrolyte Supplements,17.97,$17.97,$8.64/oz
GV 46SV Glacier Freeze Hydrate,Electrolyte Supplements,3.93,$3.93,$1.26/fl oz
"Gatorade Sports Drink, Fruit Punch/Glacier Cherry/Cool Blue Variety Pack, 12 fl oz, 18 Count Bottles",Sports Drinks,10.78,$10.78,5.0 ¢/fl oz
LMNT Zero Sugar Electrolyte Drink Mix - Orange - 6ct,Electrolyte Supplements,8.97,$8.97,$7.48/oz
LMNT Zero Sugar Electrolyte Drink Mix - Grapefruit - 6ct,Electrolyte Supplements,8.97,$8.97,$6.90/oz
"Great Value Sport Hydration Drink, Variety Pack Fruit Punch, Lemon Lime & Mixed Berry, 12 fl oz, 18 Bottles",Sports Drinks,7.46,$7.46,3.5 ¢/fl oz
"(4 pack) Nuun Sport Electrolytes Hydration Drink Mix Tablets, Watermelon, 10 Count Tube",Electrolyte Supplements,27.76,$27.76,$6.94/ea
"Pedialyte Electrolyte Powder Packets, Strawberry Lemonade, 8 Count",Electrolyte Supplements,7.49,$7.49,$3.12/oz
"Pedialyte Electrolyte Drink Mix With Zero Sugar, Strawberry, 8 Powder Packets",Electrolyte Supplements,8.97,$8.97,$9.15/oz
"Alani Nu Energy Sticks, Cherry Slush, 10 Count, 200mg Caffeine, Zero Sugar",Drink Mixes,9.98,$9.98,$4.87/oz
"PR Electrolit Electrolite Sport Drinks, Grape, 21 fl oz",Sports Drinks,2.82,$2.82,13.4 ¢/fl oz
"POWERADE Zero Sugar Mixed Berry Electrolyte Sports Drink, 20 fl oz, 8 Pack Bottles",Sports Drinks,6.48,$6.48,4.1 ¢/fl oz
"MiO Vitamins Orange Vanilla Sugar Free Water Enhancer, 1.62 fl oz Bottle, Liquids",Drink Mixes,3.13,$3.13,$1.93/fl oz
"MiO Sweet Tea Sugar Free Water Enhancer, 1.62 fl oz Bottle",Drink Mixes,3.13,$3.13,$1.93/fl oz
"(2 pack) Cirkul Gateway Sweet Tea Flavor Cartridge, Drink Mix, 1-Pack",Drink Mixes,7.48,$7.48,$5.50/fl oz
"Lotus Biscoff Creamy Cookie Butter, 14.1 oz.",Nut Butters & Spreads,5.47,$5.47,38.8 ¢/oz
"Jif Peanut Butter & Chocolate Flavored Spread, 15 oz Jar",Nut Butters & Spreads,3.64,$3.64,24.3 ¢/oz
"St. Dalfour Strawberry Fruit Spread, 100% from Fruit, Vegan & Gluten Free, 10 oz Jar","Jams, Jellies & Preserves",4.48,$4.48,44.8 ¢/oz
"Great Value Dill Pickle Cream Cheese Spread, 8 oz Tub",Cheese Dips & Spreads,1.93,$1.93,24.1 ¢/oz
"Marketside Smokehouse Burnt Ends Dip, 12 oz, Refrigerated",Cheese Dips & Spreads,5.94,$5.94,49.5 ¢/oz
"Brummel & Brown Buttery Spread with Real Yogurt, 15 oz Tub (Refrigerated)",Butter & Margarine,4.42,$4.42,29.5 ¢/oz
"Merkt's Port Wine Cheese Cup Spread, 12.9 oz, Tub, Refrigerated/Chilled",Cheese Dips & Spreads,5.26,$5.26,40.8 ¢/oz
"Philadelphia Chive & Onion Cream Cheese Spread, 7.5 oz Tub",Cream Cheese,3.64,$3.64,48.5 ¢/oz
"SKIPPY Creamy Peanut Butter Blended with Plant Protein, Shelf Stable, 16 oz Plastic Jar",Nut Butters & Spreads,3.78,$3.78,23.6 ¢/oz
"St. Dalfour Blueberry Fruit Spread, 100% from fruit, Vegan & Gluten Free, 10 oz Jar","Jams, Jellies & Preserves",4.97,$4.97,49.7 ¢/oz
"Nutella Hazelnut Spread with Cocoa, Creamy Hazelnut Spread, Breakfast Favorite, 13 oz Jar",Nut Butters & Spreads,4.48,$4.48,34.5 ¢/oz
"Philadelphia Flavored Cream Cheese Spread, 1 Tub, for Smooth, Spreadable Mornings, Honey Pecan Naturally Flavored, No Artificial Preservatives, Flavors or Dyes, 7.5 oz",Cream Cheese,3.64,$3.64,48.5 ¢/oz
"bettergoods Cinnamon Honey Butter, 3.7 oz",Butter & Margarine,2.68,$2.68,72.4 ¢/oz
Harry & David Classic Bruschetta Spread 10.5 Oz,Sandwich Spreads,10.47,$10.47,99.7 ¢/oz
Country Crock Whipped Cinnamon Honey Spread 8oz Tub,Butter & Margarine,2.47,$2.47,30.9 ¢/oz
"Smucker's Goober Peanut Butter & Honey Spread Stripes, 18 oz Jar",Nut Butters & Spreads,3.94,$3.94,21.9 ¢/oz
"Tillamook Fresh Jalapeno Honey Cream Cheese Spread, 7 oz Tub",Cheese Dips & Spreads,3.38,$3.38,48.3 ¢/oz
"Las Sevillanas Gloria Spreadable with Pecans, 13.1 oz",Nut Butters & Spreads,5.23,$5.23,39.9 ¢/oz
"Karoun Dairies Mediterranean Style Labne Original Keifir Spread & Dip, 12 oz",Vegetable Dips,3.78,$3.78,31.5 ¢/oz
"Marzetti Dill Refrigerated Veggie Dip, 12 oz.",Vegetable Dips,3.98,$3.98,33.2 ¢/oz
"bettergoods Raspberry, Cardamom and Rose Fruit Spread, 10 oz",Fruit Butters,4.92,$4.92,49.2 ¢/oz
"Philadelphia Flavored Cream Cheese Spread, 1 Tub, for Smooth, Spreadable Mornings, Spicy Jalapeno, No Artificial Preservatives, Flavors or Dyes, 7.5 oz",Cream Cheese,3.48,$3.48,46.4 ¢/oz
"Philadelphia Flavored Cream Cheese Spread, 1 Tub, for Smooth, Spreadable Mornings, Garden Vegetable, No Artificial Preservatives, Flavors or Dyes, 7.5 oz",Cream Cheese,3.48,$3.48,46.4 ¢/oz
"Philadelphia Cream Cheese Spread, 1 Tub, for Smooth, Spreadable Mornings, Original, No Artificial Preservatives, Flavors or Dyes, 8 oz",Cream Cheese,3.64,$3.64,45.5 ¢/oz
"Underwood Deviled Ham Spread, Shelf-Stable, 4.25 oz Can",Sandwich Spreads,2.18,$2.18,51.3 ¢/oz
"Sam's Choice Creamy Cashew Butter, 12 oz",Nut Butters & Spreads,5.23,$5.23,43.6 ¢/oz
"Great Value Squeezable Strawberry Fruit Spread, 20 oz","Jams, Jellies & Preserves",3.12,$3.12,15.6 ¢/oz
Texas Roadhouse® Cactus Blossom Dip 12 oz,Vegetable Dips,3.24,$3.24,27.0 ¢/oz
Texas Roadhouse® Fried Pickle Dip 12 oz,Vegetable Dips,3.24,$3.24,27.0 ¢/oz
"Blue Bonnet Vegetable Oil Spread, 15 oz",Butter & Margarine,1.98,$1.98,13.2 ¢/oz
"Price's Original Sweet and Tangy Spreadable Pimiento Cheese Spread, 7oz, Tub, Refrigerated/Chilled",Cheese Dips & Spreads,3.42,$3.42,48.9 ¢/oz
"The Laughing Cow Creamy Smoked Gouda Spreadable Cheese Wedges, 5.4 oz, Box, Refrigerated",Cheeses,3.97,$3.97,73.5 ¢/oz
"Crofters Organic Strawberry Premium Fruit Spread, 16.5 oz","Jams, Jellies & Preserves",4.96,$4.96,30.1 ¢/oz
"Land O Lakes Fresh Buttery Taste Spread, 15 oz Tub",Butter & Margarine,3.42,$3.42,22.8 ¢/oz
"Great Value Buffalo Cream Cheese Spread, 8 oz Tub",Cream Cheese,1.93,$1.93,24.1 ¢/oz
"Country Crock Original Buttery Spread Tub, 67.5 oz",Butter & Margarine,7.63,$7.63,11.3 ¢/oz
"Crofters Organic Seedless Blackberry Premium Fruit Spread, 16.5 oz","Jams, Jellies & Preserves",4.96,$4.96,30.1 ¢/oz
"Smart Balance Extra Virgin Olive Oil Buttery Spread, 13 oz Tub",Butter & Margarine,3.28,$3.28,25.2 ¢/oz
"Smart Balance Original Buttery Spread, 15 oz Tub",Butter & Margarine,3.28,$3.28,21.9 ¢/oz
"bettergoods Garlic, Parmesan, and Basil Butter, 3 oz",Single Herbs & Spices,2.68,$2.68,89.3 ¢/oz
"I Cant Believe Its Not Butter! Light, a NutriRich Buttery Spread, 15 oz Tub",Butter & Margarine,3.97,$3.97,26.5 ¢/oz
Bolthouse Farms Protein Plus Banana Honey Almond Butter 15.2oz,Butter & Margarine,3.64,$3.64,23.9 ¢/fl oz
"Texas Roadhouse Original Whipped Buttery Spread, 7.35 oz",Butter & Margarine,3.64,$3.64,49.5 ¢/oz
"Taste of the South Fried Pickle & Ranch Dip, 10 oz (Refrigerated, Tub, Spread)",Vegetable Dips,4.72,$4.72,47.2 ¢/oz
"Reese's Creamy Peanut Butter Spread, Jar 18 oz",Nut Butters & Spreads,3.92,$3.92,21.8 ¢/oz
"Jif To Go Peanut Butter & Chocolate Flavored Spread, 8 Single-Serve Cups, 1.1 Oz. Each",Nut Butters & Spreads,3.64,$3.64,41.4 ¢/oz
"bettergoods Maple Brown Sugar Butter, 3 oz",Nut Butters & Spreads,2.68,$2.68,89.3 ¢/oz
"President Pub Cheese Sharp Cheddar Cheese Spread, 8 oz (Refrigerated)",Cheese Dips & Spreads,4.94,$4.94,61.8 ¢/oz
"Philadelphia Whipped Flavored Cream Cheese Spread, 1 Tub, for Smooth, Spreadable Mornings, Strawberries & Cream Natural Flavor with Other Natural Flavor, 7.5 oz",Cream Cheese,4.17,$4.17,55.6 ¢/oz
"Kraft Old English Pasteurized Process Cheese Spread, 5 oz Jar, Shelf-Stable",Cheese Dips & Spreads,3.52,$3.52,70.4 ¢/oz
"Peanut Butter & Co, Dark Chocolatey Dreams, Peanut Butter Spread, 16 oz",Nut Butters & Spreads,4.82,$4.82,30.1 ¢/oz
"Imperial Vegetable Oil Spread, 15 oz Tub (Refrigerated)",Butter & Margarine,1.98,$1.98,13.2 ¢/oz
"Land O Lakes Honey Butter Spread, Spreadable, 6.5 oz Tub",Butter & Margarine,2.77,$2.77,42.6 ¢/oz
"Taste of the South Triple Cheddar Pimento Cheese, 10 oz (Tub, Spread, Refrigerated)",Cheese Dips & Spreads,4.72,$4.72,47.2 ¢/oz
"BelGioioso Mascarpone Cheese, Specialty Spreadable Cheese, 8 oz Refrigerated Plastic Cup",Cheese Dips & Spreads,4.94,$4.94,61.8 ¢/oz
"Land O Lakes Butter with Olive Oil & Sea Salt, Spreadable, 13 oz Tub",Butter & Margarine,5.22,$5.22,40.2 ¢/oz
"Peanut Butter & Co, White Chocolate Wonderful, Peanut Butter Spread, 16 oz",Nut Butters & Spreads,4.82,$4.82,30.1 ¢/oz
"Nutella Hazelnut Spread with Cocoa, Creamy Hazelnut Spread, Breakfast Favorite, 26.5 oz Jar",Nut Butters & Spreads,9.48,$9.48,35.8 ¢/oz
"Philadelphia Whipped Flavored Cream Cheese Spread, 1 Tub, for Smooth, Spreadable Mornings, French Onion, No Artificial Preservatives, Flavors or Dyes, 7.5 oz",Cream Cheese,4.17,$4.17,55.6 ¢/oz
"Philadelphia Flavored Cream Cheese Spread, 1 Tub, for Smooth, Spreadable Mornings, Smoked Salmon, No Artificial Preservatives, Flavors or Dyes, 7.5 oz",Cream Cheese,3.48,$3.48,46.4 ¢/oz
"Welch's Natural Strawberry Spread, 27 oz Jar","Jams, Jellies & Preserves",3.98,$3.98,14.7 ¢/oz
"Parkay Squeeze Vegetable Oil Spread, 12 oz",Butter & Margarine,2.58,$2.58,21.5 ¢/oz
"Welch's Natural Strawberry Spread, 18 oz Squeeze Bottle","Jams, Jellies & Preserves",3.74,$3.74,20.8 ¢/oz
Ube Purple Yam & Coconut Spread,Nut Butters & Spreads,6.47,$6.47,$1.12/oz
"Philadelphia Whipped Flavored Cream Cheese Spread, 1 Tub, for Smooth, Spreadable Mornings, Chipotle, No Artificial Preservatives, Flavors or Dyes, 7.5 oz",Cream Cheese,4.17,$4.17,55.6 ¢/oz
"Nutella Hazelnut Spread with Cocoa, Creamy Hazelnut Spread, Breakfast Favorite, 33.5 oz Jar",Nut Butters & Spreads,11.48,$11.48,34.3 ¢/oz
"Jif To Go Natural Creamy Peanut Butter Spread, 8 Cups, 1.1 oz Each",Nut Butters & Spreads,3.14,$3.14,35.7 ¢/oz
Nando's Perinaise Spread & Dressing 8.6 fl oz,Salad Dressings,4.46,$4.46,51.9 ¢/fl oz
"Welch's Natural Concord Grape Spread, 27 oz Jar","Jams, Jellies & Preserves",3.12,$3.12,11.6 ¢/oz
"Great Value Salted Whipped Butter, 8 oz Tub",Butter & Margarine,2.92,$2.92,36.5 ¢/oz
"Philadelphia Flavored Cream Cheese Spread, 1 Tub, for Smooth, Spreadable Mornings, Garlic & Herb, No Artificial Preservatives, Flavors or Dyes, 7.5 oz",Cream Cheese,3.64,$3.64,48.5 ¢/oz
"Land O Lakes Butter with Canola Oil, Spreadable, 15 oz Tub",Butter & Margarine,3.92,$3.92,26.1 ¢/oz
"Crofters Organic Wild Blueberry Premium Fruit Spread, 16.5 oz","Jams, Jellies & Preserves",4.96,$4.96,30.1 ¢/oz
"Lifeway, Farmer Cheese Spread, Refrigerated 16 oz Plastic Tub",Cheese Dips & Spreads,6.48,$6.48,40.5 ¢/oz
"Great Value No Stir Creamy Natural Peanut Butter Spread, 40 oz",Nut Butters & Spreads,3.64,$3.64,9.1 ¢/oz
"Great Value Creamy Stripes Peanut Butter & Grape Jelly, 18 oz",Nut Butters & Spreads,2.73,$2.73,15.2 ¢/oz
"Tillamook Chive and Onion Cream Cheese Spread, 7 oz Tub",Cream Cheese,3.38,$3.38,48.3 ¢/oz
"bettergoods Black Truffle Butter, 3 oz",Butter & Margarine,2.68,$2.68,89.3 ¢/oz
"Great Value Original Cream Cheese Spread, 16 oz Tub",Cheese Dips & Spreads,4,$4.00,25.0 ¢/oz
"Kerrygold Grass-Fed Cinnamon & Sugar Butter Stick, 3.5oz",Butter & Margarine,2.94,$2.94,84.0 ¢/oz
"Philadelphia Whipped Flavored Cream Cheese Spread, 1 Tub, for Smooth, Spreadable Mornings, Mixed Berry Natural Flavor with Other Natural Flavor, No Artificial Preservatives, Flavors or Dyes, 7.5 oz",Cream Cheese,3.48,$3.48,46.4 ¢/oz
"Peter Pan Creamy Honey Roast Peanut Butter, Smooth Peanut Butter Spread, Gluten-Free, 16.3 oz Jar",Nut Butters & Spreads,2.47,$2.47,15.2 ¢/oz
The Nutty Gourmet Pistachio Walnut Butter - 10oz (Low-Sugar),Nut Butters & Spreads,10.48,$10.48,$1.05/oz
"Crofters Organic Seedless Raspberry Premium Fruit Spread, 16.5 oz","Jams, Jellies & Preserves",4.96,$4.96,30.1 ¢/oz
"Philadelphia No Bake Cheesecake Filling, 1 Tub, for Quick and Easy Desserts, Original, No Artificial Preservatives, Flavors or Dyes, 24.3 oz",Pie & Pastry Fillings,6,$6.00,24.7 ¢/oz
"Nutella & GO! Chocolate Hazelnut Spread with Cocoa + Breadsticks, 4 Snack Packs, 1.8 oz Each",Nut Butters & Spreads,7.48,$7.48,$1.04/oz
"Marketside Southwest Queso Cheese Dip, 16 oz (Refrigerated)",Cheese Dips & Spreads,4.84,$4.84,30.3 ¢/oz
"Philadelphia Flavored Cream Cheese Spread, 1 Tub, for Smooth, Spreadable Mornings, Blueberry, No Artificial Preservatives, Flavors or Dyes, 7.5 oz",Cream Cheese,3.48,$3.48,46.4 ¢/oz
"Country Crock Light Buttery Spread, 45 oz Tub",Butter & Margarine,5.93,$5.93,13.2 ¢/oz
"Smucker's Squeeze Strawberry Fruit Spread, 20 oz","Jams, Jellies & Preserves",3.62,$3.62,18.1 ¢/oz
"Tillamook Original Cream Cheese Spread, 7 oz Tub",Cream Cheese,3.38,$3.38,48.3 ¢/oz
Country Crock Drizzle and Sizzle 14oz Bottle,Butter & Margarine,3.43,$3.43,24.5 ¢/oz
"Country Crock Calcium Buttery Spread Tub, 45 oz",Butter & Margarine,5.93,$5.93,13.2 ¢/oz
"Philadelphia Whipped Flavored Cream Cheese Spread, 1 Tub, for Smooth, Spreadable Mornings, Chive, No Artificial Preservatives, Flavors or Dyes, 7.5 oz",Cream Cheese,3.48,$3.48,46.4 ¢/oz
"Philadelphia Flavored Cream Cheese Spread, 1 Tub, for Smooth, Spreadable Mornings, Honey Butter Flavored with Other Natural Flavor, No Artificial Preservatives, Flavors or Dyes, 7.5 oz",Cream Cheese,3.64,$3.64,48.5 ¢/oz
"Alaska Smokehouse 3.25oz Salmon Spread Tin, Made with Wild Alaskan Pink Salmon and Cream Cheese",Seafood Dips & Spreads,4.68,$4.68,$1.44/oz
"Smuckers Natural Chunky Peanut Butter, 16 oz Jar",Nut Butters & Spreads,4.12,$4.12,25.8 ¢/oz
"Philadelphia Whipped Cream Cheese Spread, 1 Tub, for Smooth, Spreadable Mornings, Original, No Artificial Preservatives, Flavors or Dyes, 8 oz",Cream Cheese,3.64,$3.64,45.5 ¢/oz
"I Can't Believe It's Not Butter! Olive Oil Spread, 15 oz Tub (Refrigerated)",Butter & Margarine,3.97,$3.97,26.5 ¢/oz
"Earth Balance Plant Butter Soy Free Plant Based Oil Spread, 15-oz. Tub",Butter & Margarine,3.98,$3.98,26.5 ¢/oz
"Tillamook Seriously Strawberry Cream Cheese Spread, 7 oz Tub",Cream Cheese,3.38,$3.38,48.3 ¢/oz
"Philadelphia Flavored Cream Cheese Spread, 1 Tub, for Smooth, Spreadable Mornings, Strawberry, No Artificial Preservatives, Flavors or Dyes, 15.5 oz",Cream Cheese,6.47,$6.47,41.7 ¢/oz
"Smucker's Natural Strawberry Fruit Spread, 17.25 oz","Jams, Jellies & Preserves",4.12,$4.12,23.9 ¢/oz
"Barney Butter Smooth Almonds Butter, 10 oz",Nut Butters & Spreads,6.98,$6.98,69.8 ¢/oz
"Great Value Crunchy Peanut Butter, 16 oz",Nut Butters & Spreads,1.98,$1.98,12.4 ¢/oz
"Philadelphia Cream Cheese Spread, 1 Tub, for Smooth, Spreadable Mornings, Original, No Artificial Preservatives, Flavors or Dyes, 16 oz",Cream Cheese,6.47,$6.47,40.4 ¢/oz
"SKIPPY No Sugar Added Creamy peanut butter spread, Shelf-Stable, 40 oz Plastic Jar",Nut Butters & Spreads,6.58,$6.58,16.5 ¢/oz
"JUSTIN'S Honey Peanut Butter, 28 oz Jar",Nut Butters & Spreads,7.32,$7.32,26.1 ¢/oz
"Philadelphia Reduced Fat Cream Cheese Spread, 8 oz Tub",Cream Cheese,3.48,$3.48,43.5 ¢/oz
"Nutella & Go! Hazelnut Spread with Breadsticks, On-the-Go Snack Cups, 10 Snack Packs, 18 oz",Nut Butters & Spreads,14.97,$14.97,83.2 ¢/oz
"Great Value Original Cream Cheese Spread, 12 oz Tub",Cream Cheese,3.12,$3.12,26.0 ¢/oz
Great Value Creamy Peanut Butter 16oz,Nut Butters & Spreads,1.98,$1.98,12.4 ¢/oz
"Kerrygold Naturally Softer Grass-Fed Pure Irish Butter, 8 oz Tub",Butter & Margarine,5.86,$5.86,73.3 ¢/oz
Barney Butter Crunchy Almond Butter 10oz,Nut Butters & Spreads,6.98,$6.98,69.8 ¢/oz
"Philadelphia Reduced Fat Garden Vegetable Cream Cheese Spread, 7.5 oz Tub",Cream Cheese,3.64,$3.64,48.5 ¢/oz
"The Laughing Cow Creamy Spicy Pepper Jack Spreadable Cheese, 5.4 oz, Wedge, Box, Refrigerated",Cheese Dips & Spreads,3.97,$3.97,73.5 ¢/oz
"Great Value Crunchy Peanut Butter, 40 oz",Nut Butters & Spreads,3.64,$3.64,9.1 ¢/oz
"Smuckers Goober Grape, Peanut Butter & Grape Jelly Stripes, 18 oz Jar",Nut Butters & Spreads,3.94,$3.94,21.9 ¢/oz
"Jif Extra Crunchy Peanut Butter, 16-Ounce Jar",Nut Butters & Spreads,2.96,$2.96,18.5 ¢/oz
"Country Crock Calcium Buttery Spread, 15 oz Tub (Refrigerated)",Butter & Margarine,3.43,$3.43,22.9 ¢/oz
"JUSTIN'S Vanilla Almond Butter, 12 oz Jar",Nut Butters & Spreads,8.34,$8.34,69.5 ¢/oz
"Great Value Squeezable Grape Jelly, 20 oz","Jams, Jellies & Preserves",2.92,$2.92,14.6 ¢/oz
"Welch's Natural Concord Grape Spread, 18 oz Squeeze Bottle","Jams, Jellies & Preserves",3.44,$3.44,19.1 ¢/oz
"Marzetti Cream Cheese Fruit Dip Made with Real Cream, 13.5 oz Tub, Contains Milk",Dessert Dips,3.97,$3.97,29.4 ¢/oz
"Nutella & Go! Hazelnut Spread with Breadsticks, On-the-Go Snack Cups, Snack Packs, 1.8 oz",Nut Butters & Spreads,2.48,$2.48,$1.38/oz
"Teddie All Natural Smooth Peanut Butter, 16 oz",Nut Butters & Spreads,3.57,$3.57,22.3 ¢/oz
"Taco Bell Creamy Crunch-Dip Supreme Cravings Dip, 15 oz Jar",Vegetable Dips,4.18,$4.18,27.9 ¢/oz
"Great Value Light Cream Cheese Spread, 8 oz Tub",Cream Cheese,1.93,$1.93,24.1 ¢/oz
"Land O Lakes Plant-Based Creamy Spread, Vegan & Gluten-Free, Spreadable, 15 oz Tub",Butter & Margarine,3.54,$3.54,23.6 ¢/oz
"Smucker's Goober Peanut Butter and Strawberry Jelly Stripes, 18 oz",Nut Butters & Spreads,3.94,$3.94,21.9 ¢/oz
"Country Crock Light Buttery Spread, 15 oz Tub",Butter & Margarine,3.43,$3.43,22.9 ¢/oz
"Jif Reduced Fat Creamy Peanut Butter Spread - 60% Peanuts, 16 ozs",Nut Butters & Spreads,2.96,$2.96,18.5 ¢/oz
"Philadelphia Flavored Cream Cheese Spread, 1 Tub, for Smooth, Spreadable Mornings, Pineapple, No Artificial Preservatives, Flavors or Dyes, 7.5 oz",Cream Cheese,3.64,$3.64,48.5 ¢/oz
"Smart Balance Original Buttery Spread, 45 oz Tub",Butter & Margarine,7.33,$7.33,16.3 ¢/oz
Jif 13 Ounce Natural Squeeze Pouch,Nut Butters & Spreads,3.47,$3.47,26.7 ¢/oz
"Land O Lakes Butter with Olive Oil & Sea Salt, Spreadable, 7 oz Tub",Butter & Margarine,3.12,$3.12,44.6 ¢/oz
"Land O Lakes Salted Whipped Butter, Spreadable, 8 oz Tub",Butter & Margarine,3.42,$3.42,42.8 ¢/oz
"On The Go SunButter, Sunflower Seed Butter, Creamy, 1.5 oz, 6 Ct",Nut Butters & Spreads,6.48,$6.48,72.0 ¢/oz
"Smucker's Natural Blackberry Fruit Spread, 17.25 oz","Jams, Jellies & Preserves",4.48,$4.48,26.0 ¢/oz
"Kf Philadelphia Cream Cheese Cinnamon Frosting, Spread, No Allergen-Free Claims Apply",Cream Cheese,4.17,$4.17,26.1 ¢/oz
"Jif To Go Creamy Peanut Butter, 8 Cups, 1.1 oz Each",Nut Butters & Spreads,3.14,$3.14,35.7 ¢/oz
"Land O Lakes Butter with Canola Oil, Spreadable, 24 oz Tub",Butter & Margarine,6.88,$6.88,28.7 ¢/oz
"Peter Pan Creamy Peanut Butter,Smooth, Gluten Free Peanut Butter, 16.3 oz Jar",Nut Butters & Spreads,2.47,$2.47,15.2 ¢/oz
"Jif Natural Creamy Peanut Butter Spread, 16-Ounce Jar",Nut Butters & Spreads,2.96,$2.96,18.5 ¢/oz
"SKIPPY No Sugar Added Creamy Peanut Butter, Shelf-Stable, 16 oz Plastic Jar",Nut Butters & Spreads,2.98,$2.98,18.6 ¢/oz
"Smucker's Natural Red Raspberry Fruit Spread, 17.25 oz","Jams, Jellies & Preserves",4.48,$4.48,26.0 ¢/oz
"Smucker's Squeezable Reduced Sugar Strawberry Fruit Spread, 17.4 oz","Jams, Jellies & Preserves",3.12,$3.12,17.9 ¢/oz
"Smucker's Natural Red Tart Cherry Fruit Spread, 17.25 oz","Jams, Jellies & Preserves",4.48,$4.48,26.0 ¢/oz
"Jif No Added Sugar Creamy Peanut Butter Spread, 15.5 oz",Nut Butters & Spreads,3.12,$3.12,20.1 ¢/oz
"SKIPPY Peanut Butter, Creamy, Plastic Jar 16.3 oz",Nut Butters & Spreads,2.98,$2.98,18.3 ¢/oz
"SKIPPY Creamy Peanut Butter Squeeze Pack, 7g Protein per Serving, Shelf-Stable, 6 oz Plastic Pouch",Nut Butters & Spreads,2.47,$2.47,41.2 ¢/oz
"Smuckers Natural Apricot Fruit Spread, 17.25 oz Jar","Jams, Jellies & Preserves",4.48,$4.48,25.9 ¢/oz
"Great Value Creamy Peanut Butter, 40 oz",Nut Butters & Spreads,3.64,$3.64,9.1 ¢/oz
"Land O Lakes Butter with Canola Oil, Spreadable, 8 oz Tub",Butter & Margarine,2.48,$2.48,31.0 ¢/oz
"SKIPPY Reduced Fat Creamy Peanut Butter Spread, Shelf-Stable, 40 oz Plastic Jar",Nut Butters & Spreads,6.58,$6.58,16.5 ¢/oz
"Great Value Creamy Peanut Butter, 64 oz",Nut Butters & Spreads,6.47,$6.47,10.1 ¢/oz
"bettergoods Lemon Pepper Butter, 3 oz",Butter & Margarine,2.68,$2.68,89.3 ¢/oz
"Smuckers Natural Creamy Peanut Butter, 26 oz Jar",Nut Butters & Spreads,6.28,$6.28,24.2 ¢/oz
"SKIPPY Reduced Fat Creamy Peanut Butter Spread, Shelf-Stable, 16.3 oz Plastic Jar",Nut Butters & Spreads,2.98,$2.98,18.3 ¢/oz
"Welch's Strawberry Spread, 20 oz Squeeze Bottle","Jams, Jellies & Preserves",3.64,$3.64,18.2 ¢/oz
"bettergoods Dairy Free Cream Cheese, 8 oz",Cream Cheese,4,$4.00,50.0 ¢/oz
"Philadelphia Whipped Cream Cheese Spread, 1 Tub, for Smooth, Spreadable Mornings, Original, No Artificial Preservatives, Flavors or Dyes, 12 oz",Cream Cheese,5.34,$5.34,44.5 ¢/oz
"SKIPPY Chunky Peanut Butter Spread No Sugar Added, 7 g Protein Per Serving, Shelf-Stable, 16 oz Plastic Jar",Nut Butters & Spreads,2.98,$2.98,18.6 ¢/oz
"I Cant Believe Its Not Butter! Original, a NutriRich Buttery Spread, 45 oz Tub",Butter & Margarine,9.46,$9.46,21.0 ¢/oz
Lay's Smooth Ranch Dip Spread in a 15 Ounce Jar with Tangy Buttermilk Flavor,Cheese Dips & Spreads,4.98,$4.98,33.2 ¢/oz
"SKIPPY Natural Creamy Peanut Butter Spread with Honey, 6 g Protein Per Serving, Shelf-Stable, 15 oz Plastic Jar",Nut Butters & Spreads,2.98,$2.98,19.9 ¢/oz
"Smucker's Natural Strawberry Squeezable Fruit Spread, 19 oz","Jams, Jellies & Preserves",3.08,$3.08,16.2 ¢/oz
"Philadelphia Flavored Cream Cheese Spread, 1 Tub, for Smooth, Spreadable Mornings, Chive & Onion, No Artificial Preservatives, Flavors or Dyes, 15.5 oz",Cream Cheese,6.47,$6.47,41.7 ¢/oz
"Philadelphia Reduced Fat Cream Cheese, 8 oz Brick",Cream Cheese,2.98,$2.98,37.3 ¢/oz
"Great Value Organic Crunchy Stir and Enjoy Peanut Butter, 16 oz",Nut Butters & Spreads,4.47,$4.47,27.9 ¢/oz
"Tostitos Creamy Spinach Dip, 15 oz Jar, Ready-to-Serve",Cheese Dips & Spreads,4.74,$4.74,31.6 ¢/oz
"(3 pack) bettergoods Pistachio Spread, 6.5 oz, 6 Servings",Nut Butters & Spreads,18.42,$18.42,91.6 ¢/oz
"Justin's Classic Peanut Butter Spread, 28 oz Jar",Nut Butters & Spreads,7.32,$7.32,26.1 ¢/oz
"SKIPPY Natural Peanut Butter Spread, Creamy, 7 G Protein per Serving, 15 oz Plastic Jar",Nut Butters & Spreads,2.98,$2.98,19.9 ¢/oz
HERDEZ Queso Blanco 15OZ,Cheese Dips & Spreads,3.76,$3.76,25.1 ¢/oz
"Nutella & GO! Chocolate Hazelnut Spread with Cocoa + Pretzel Sticks, 4 Snack Packs, 1.9 oz Each",Nut Butters & Spreads,7.48,$7.48,98.4 ¢/oz
"Welch's Natural Concord Grape Spread, 17 oz Jar","Jams, Jellies & Preserves",3.44,$3.44,20.2 ¢/oz
"Best Foods Plant Based Mayonnaise Spread & Dressing Condiments, 11.5 fl oz Squeeze Bottle",Mayonnaise,3.94,$3.94,34.3 ¢/fl oz
"SKIPPY SUPER CHUNK Reduced Fat Peanut Butter Spread, Shelf-Stable, 16.3 oz Plastic Jar",Nut Butters & Spreads,2.98,$2.98,18.3 ¢/oz
"Great Value Queso Blanco Cheese Dip, 15 oz",Cheese Dips & Spreads,2.72,$2.72,18.1 ¢/oz
"SKIPPY Peanut Butter Creamy Roasted Honey Nut Spread, 7 g Protein Per Serving, Shelf-Stable, 16.3 oz Plastic Jar",Nut Butters & Spreads,2.98,$2.98,18.3 ¢/oz
"Smuckers Natural Creamy Peanut Butter, 16 oz Jar",Nut Butters & Spreads,4.12,$4.12,25.8 ¢/oz
"(3 pack) Jif Peanut Butter & Chocolate Flavored Spread, 15 oz Jar",Nut Butters & Spreads,10.92,$10.92,24.3 ¢/oz
"Jif Squeeze Creamy Peanut Butter, 13 oz. - Smooth, Creamy Texture, Portable Peanut Butter Pouch",Nut Butters & Spreads,3.47,$3.47,26.7 ¢/oz
"MaraNatha Organic Creamy No Sugar No Salt Peanut Butter Spread, 16 oz",Nut Butters & Spreads,5.47,$5.47,34.2 ¢/oz
"Peanut Butter & Co, Simply Crunchy, Peanut Butter Spead, 16 oz",Nut Butters & Spreads,4.82,$4.82,30.1 ¢/oz
"Great Value Natural No Stir Creamy Peanut Butter, 16 oz",Nut Butters & Spreads,1.98,$1.98,12.4 ¢/oz
"SKIPPY Natural SUPER CHUNK Peanut Butter Spread, 7 G Protein Per Serving, 40 oz Plastic Jar",Nut Butters & Spreads,6.58,$6.58,16.5 ¢/oz
"Land O Lakes Light Butter with Canola Oil, Spreadable, 15 oz Tub",Butter & Margarine,3.42,$3.42,22.8 ¢/oz
"SunButter Jammies Sunflower Seed Butter and Strawberry Jelly, 2.0 oz,  4 Count (Frozen)",Nut Butters & Spreads,5.94,$5.94,74.3 ¢/oz
PB2 Powdered Peanut Butter with Chocolate - 6.5 oz,Nut Butters & Spreads,4.38,$4.38,67.4 ¢/oz
"Jif Creamy Peanut Butter, 40-oz Jar",Nut Butters & Spreads,7.32,$7.32,18.3 ¢/oz
"Pace Mild Nacho Cheese Sauce, 10.5 oz (1 Count)",Cheese Dips & Spreads,1.92,$1.92,18.3 ¢/oz
"Jif No Added Sugar Creamy Peanut Butter Spread, 33.5 oz - Smooth, Creamy Texture, No Stir Peanut Butter Spread",Nut Butters & Spreads,6.58,$6.58,19.6 ¢/oz
"Welch's Natural Strawberry Spread, 17 oz Jar","Jams, Jellies & Preserves",3.43,$3.43,20.2 ¢/oz
"Challenge, Spreadable Butter with Olive Oil, 6.5 oz",Butter & Margarine,2.54,$2.54,39.1 ¢/oz
Barney Bare Smooth - 10 oz.,Nut Butters & Spreads,6.98,$6.98,69.8 ¢/oz
"MaraNatha Creamy Coconut Almond Butter, 12 oz",Nut Butters & Spreads,8.82,$8.82,73.5 ¢/oz
"Marketside Premium Ready-to-Serve Bacon Cheddar Ranch Dip Small Tub, 16 oz (Refrigerated)",Cheese Dips & Spreads,5.96,$5.96,37.3 ¢/oz
"Peter Pan Creamy Peanut Butter Spread, Smooth, Gluten-Free, 40 oz Jar",Nut Butters & Spreads,5.64,$5.64,14.1 ¢/oz
"MaraNatha Natural Creamy Almond Butter, 12 oz",Nut Butters & Spreads,8.82,$8.82,73.5 ¢/oz
"Jif Natural Creamy Peanut Butter Spread and Honey  Contains 80% Peanuts, 16 ozs",Nut Butters & Spreads,2.96,$2.96,18.5 ¢/oz
"Great Value Organic Creamy Stir Peanut Butter, 16 oz",Nut Butters & Spreads,4.47,$4.47,27.9 ¢/oz
"Jif Creamy Peanut Butter, 16 oz Jar",Nut Butters & Spreads,2.96,$2.96,18.5 ¢/oz
"(4 pack) Nutella & Go! Hazelnut Spread with Breadsticks, On-the-Go Snack Cups, 10 Snack Packs, 18 oz",Nut Butters & Spreads,59.88,$59.88,83.2 ¢/oz
"(2 pack) Alaska Smokehouse 3.25oz Salmon Spread Tin, Made with Wild Alaskan Pink Salmon and Cream Cheese",Cheese Dips & Spreads,9.36,$9.36,$1.44/oz
"Jif Natural Creamy Peanut Butter Spread Twin Pack, 80-Ounce",Nut Butters & Spreads,13.44,$13.44,16.8 ¢/oz
"SunButter Jammies Sunflower Seed Butter and Grape Jelly, 2.0 oz,  4 Count (Frozen)",Nut Butters & Spreads,5.94,$5.94,74.3 ¢/oz
"Teddie All Natural Super Chunky Peanut Butter, 16 oz",Nut Butters & Spreads,3.57,$3.57,22.3 ¢/oz
"SKIPPY Natural Creamy Peanut Butter Spread with Honey, 6 g Protein Per Serving, Shelf-Stable, 40 oz Plastic Jar",Nut Butters & Spreads,6.58,$6.58,16.5 ¢/oz
"Peter Pan Crunchy Peanut Butter, Smooth, Gluten Free Peanut Butter, 16.3 oz Jar",Nut Butters & Spreads,2.47,$2.47,15.2 ¢/oz
"SKIPPY Natural Creamy Peanut Butter Spread, 7 G Protein per Serving, Plastic Jar 40 oz",Nut Butters & Spreads,6.58,$6.58,16.5 ¢/oz
"Santa Cruz Organic Creamy Dark Roasted Peanut Butter, 16 Ounces",Nut Butters & Spreads,6.47,$6.47,40.4 ¢/oz
"Jif Natural Creamy Peanut Butter Spread  Contains 90% Peanuts, 40 Ounces",Nut Butters & Spreads,7.32,$7.32,18.3 ¢/oz
"Philadelphia Reduced Fat Cream Cheese Spread, 16 oz Tub",Cream Cheese,6.47,$6.47,40.4 ¢/oz
"(3 pack) bettergoods Raspberry, Cardamom and Rose Fruit Spread, 10 oz","Jams, Jellies & Preserves",14.76,$14.76,49.2 ¢/oz
"Green Valley Lactose Free Cream Cheese, Spreadable 8 oz Tub",Cream Cheese,4,$4.00,50.0 ¢/oz
"(2 pack) Crazy Richard's All-Natural Creamy Peanut Butter, 16 oz",Nut Butters & Spreads,7.08,$7.08,22.1 ¢/oz
"Peter Pan Creamy Honey Roasted Peanut Butter, Smooth, Gluten-Free, 40 oz Jar",Nut Butters & Spreads,5.64,$5.64,14.1 ¢/oz
"(2 pack) Kraft Old English Pasteurized Process Cheese Spread, 5 oz Jar, Shelf-Stable",Cheese Dips & Spreads,7.04,$7.04,70.4 ¢/oz
"Crazy Richard's All-Natural Creamy Peanut Butter, 16 oz",Nut Butters & Spreads,3.54,$3.54,22.1 ¢/oz
"MaraNatha Natural No Sugar No Salt Creamy Almond Butter, 12 oz",Nut Butters & Spreads,8.82,$8.82,73.5 ¢/oz
"Crazy Richard's High Protein Peanut Butter Powder, 6.5oz Jar",Nut Butters & Spreads,4.27,$4.27,65.7 ¢/oz
"Country Crock Dairy Free Vegan Plant Butter with Avocado Oil, 16 oz, 4 Sticks (Refrigerated)",Butter & Margarine,3.48,$3.48,21.8 ¢/oz
"Jif Reduced Fat Creamy Peanut Butter Spread - 60% Peanuts, 40 ozs",Nut Butters & Spreads,7.32,$7.32,18.3 ¢/oz
"SKIPPY SUPER CHUNK Peanut Butter, 7 g Protein Per Serving, Shelf-Stable, 16.3 oz Plastic Jar",Nut Butters & Spreads,2.98,$2.98,18.3 ¢/oz
"Great Value Stadium Style Cheddar Cheese Dip, 15 oz",Cheese Dips & Spreads,2.72,$2.72,18.1 ¢/oz
HERDEZ Queso Con Salsa 15OZ,Cheese Dips & Spreads,3.76,$3.76,25.1 ¢/oz
"Great Value Original Melt'n Dip Easy Melt Cheese, 16 oz",Cheese Dips & Spreads,3.98,$3.98,24.9 ¢/oz
"Tostitos Queso Blanco Dip, 15.0 oz Jar",Cheese Dips & Spreads,4.74,$4.74,31.6 ¢/oz
"Justin's Classic Almond Butter, 12 oz Jar",Nut Butters & Spreads,8.34,$8.34,69.5 ¢/oz
"Philadelphia Reduced Fat Cream Cheese Spread, 12 oz Tub",Cream Cheese,5.34,$5.34,44.5 ¢/oz
"Kerrygold Grass-Fed Salted Pure Irish Butter, 8 oz.",Butter & Margarine,4.84,$4.84,60.5 ¢/oz
"SKIPPY Peanut Butter, Creamy, 7 g protein per serving, Shelf-Stable, 40 oz Plastic Jar",Nut Butters & Spreads,6.58,$6.58,16.5 ¢/oz
"(4 pack) Lotus Biscoff Creamy Cookie Butter, 14.1 oz.",Nut Butters & Spreads,21.88,$21.88,38.8 ¢/oz
"Jif Natural Crunchy Peanut Butter Spread  Contains 90% Peanuts, 40 Ounces",Nut Butters & Spreads,7.32,$7.32,18.3 ¢/oz
"(4 pack) Smucker's Squeeze Strawberry Fruit Spread, 20 oz","Jams, Jellies & Preserves",14.48,$14.48,18.1 ¢/oz
"Teddie All Natural Smooth Peanut Butter, 36 oz",Nut Butters & Spreads,6.57,$6.57,18.3 ¢/oz
"Jif Extra Crunchy Peanut Butter, 40-oz Jar",Nut Butters & Spreads,7.32,$7.32,18.3 ¢/oz
"(3 pack) Great Value Creamy Peanut Butter, 64 oz",Nut Butters & Spreads,19.41,$19.41,10.1 ¢/oz
Crazy Richard's Cruncy Peanut Butter 16oz,Nut Butters & Spreads,3.54,$3.54,22.1 ¢/oz
"Peter Pan Original Creamy Peanut Butter Spread, Gluten-Free, 56 oz Jar",Nut Butters & Spreads,7.78,$7.78,13.9 ¢/oz
"Teddie All Natural Super Chunky Peanut Butter, 36 oz",Nut Butters & Spreads,6.57,$6.57,18.3 ¢/oz
"(3 pack) Sam's Choice Creamy Cashew Butter, 12 oz",Nut Butters & Spreads,15.69,$15.69,43.6 ¢/oz
"Simply Jif Creamy Peanut Butter, 15.5 Ounces",Nut Butters & Spreads,2.96,$2.96,19.1 ¢/oz
"Ricos Nacho Cheese Sauce 3.5oz Cup, 4 Count, Shelf-Stable, Ready-To-Eat",Cheese Dips & Spreads,3.98,$3.98,28.4 ¢/oz
"SKIPPY SUPER CHUNK Peanut Butter, 7 g Protein Per Serving, Shelf-Stable, 40 oz Plastic Jar",Nut Butters & Spreads,6.58,$6.58,16.5 ¢/oz
"SKIPPY SUPER CHUNK Peanut Butter Spread Extra Crunchy, 7 g Protein Per Serving, Shelf-Stable, 64 oz Plastic Jar",Nut Butters & Spreads,10.28,$10.28,16.1 ¢/oz
Pb2 Plant based Powdered Peanut Butter in a Jar- 6.5 Oz - shelf stable,Nut Butters & Spreads,4.38,$4.38,51.5 ¢/oz
"EASY CHEESE Cheddar Cheese Snack, 8 oz",Cheese Dips & Spreads,5.82,$5.82,72.8 ¢/oz
"Kerrygold Grass-Fed Pure Irish Butter with Olive Oil, 7.5oz",Butter & Margarine,5.68,$5.68,75.7 ¢/oz
"Great Value Original Cheddar Flavor Cheese Dip, 15 oz",Cheese Dips & Spreads,4.18,$4.18,27.9 ¢/oz
"Marketside Mild Queso Blanco Cheese Dip, 16 oz Tub (Refrigerated)",Cheese Dips & Spreads,4.84,$4.84,30.3 ¢/oz
"Peter Pan Gluten Free Crunchy Peanut Butter, Crunchy 40 oz Jar",Nut Butters & Spreads,5.64,$5.64,14.1 ¢/oz
"(3 pack) Smucker's Goober Peanut Butter and Strawberry Jelly Stripes, 18 oz",Nut Butters & Spreads,11.82,$11.82,21.9 ¢/oz
"Smuckers Natural Chunky Peanut Butter, 26 oz Jar",Nut Butters & Spreads,6.28,$6.28,24.2 ¢/oz
"(3 pack) Great Value Creamy Stripes Peanut Butter & Grape Jelly, 18 oz",Nut Butters & Spreads,8.19,$8.19,15.2 ¢/oz
"(3 pack) Jif To Go Peanut Butter & Chocolate Flavored Spread, 8 Single-Serve Cups, 1.1 Oz. Each",Nut Butters & Spreads,10.92,$10.92,41.4 ¢/oz
"MaraNatha Natural Crunchy Almond Butter, 12 oz",Nut Butters & Spreads,8.82,$8.82,73.5 ¢/oz
(2 pack) Bolthouse Farms Protein Plus Banana Honey Almond Butter 15.2oz,Nut Butters & Spreads,7.28,$7.28,23.9 ¢/fl oz
"Great Value Hazelnut Spread with Cocoa No Crust Sandwiches, 8 oz, 4 Count (Frozen)","Sandwiches, Filled Rolls & Wraps",3.36,$3.36,42.0 ¢/oz
"Great Value Gluten-Free Powdered Peanut Butter, 30 oz",Nut Butters & Spreads,10.98,$10.98,36.6 ¢/oz
"Pancho's White Queso Cheese Dip, 16 oz Tub",Cheese Dips & Spreads,5.34,$5.34,33.4 ¢/oz
"PBfit Classic Peanut Butter Powder, Roasted Peanut Powder, 24 oz",Nut Butters & Spreads,13.12,$13.12,54.7 ¢/oz
"(2 pack) Peter Pan Creamy Peanut Butter,Smooth, Gluten Free Peanut Butter, 16.3 oz Jar",Nut Butters & Spreads,4.94,$4.94,15.2 ¢/oz
Westgold New Zealand Grass Fed Salted Butter 8 oz,Butter & Margarine,4.64,$4.64,58.0 ¢/oz
"SKIPPY Squeeze Natural Creamy Peanut Butter, 6 oz",Nut Butters & Spreads,2.47,$2.47,41.2 ¢/oz
"(4 pack) bettergoods Cookies and Cream Spread, 13 oz",Cookies,13.88,$13.88,26.7 ¢/oz
"Tillamook Very Veggie Cheese, 7 oz Tub",Cheeses,3.54,$3.54,50.6 ¢/oz
"Fritos Jalapeno Cheddar Cheese Dip, 9 oz, Canister",Cheese Dips & Spreads,3.98,$3.98,44.2 ¢/oz
"Gordo's Breakfast Sausage Queso Cheese Dip, 12 oz, Refrigerated Dip",Cheese Dips & Spreads,4.98,$4.98,41.5 ¢/oz
"(3 pack) Welch's Natural Strawberry Spread, 27 oz Jar","Jams, Jellies & Preserves",11.94,$11.94,14.7 ¢/oz
"(3 pack) Peanut Butter & Co, White Chocolate Wonderful, Peanut Butter Spread, 16 oz",Nut Butters & Spreads,14.46,$14.46,30.1 ¢/oz
"Great Value Salsa Con Queso Cheese Dip, 15 oz",Cheese Dips & Spreads,2.72,$2.72,18.1 ¢/oz
"(2 pack) Peter Pan Creamy Peanut Butter Spread, Smooth, Gluten-Free, 40 oz Jar",Nut Butters & Spreads,11.28,$11.28,14.1 ¢/oz
"Jif Creamy Peanut Butter, 4-Pound Can",Nut Butters & Spreads,11.28,$11.28,17.6 ¢/oz
"Fresh Cravings Rojo's Classic 5 Layer Dip, 1 - 28oz, Refrigerated",Cheese Dips & Spreads,7.24,$7.24,25.9 ¢/oz
"PB2 Powdered Peanut Butter, 16 oz",Nut Butters & Spreads,8.97,$8.97,56.1 ¢/oz
"(2 pack) Welch's Strawberry Spread, 20 oz Squeeze Bottle","Jams, Jellies & Preserves",7.28,$7.28,18.2 ¢/oz
(4 pack) Great Value Creamy Peanut Butter 16oz,Nut Butters & Spreads,7.92,$7.92,12.4 ¢/oz
"(2 pack) Jif Creamy Peanut Butter, 40-oz Jar",Nut Butters & Spreads,14.64,$14.64,18.3 ¢/oz
"Jif Creamy Peanut Butter, 40 oz Jars (2 Pack)",Nut Butters & Spreads,13.44,$13.44,16.8 ¢/oz
"(4 pack) Reese's Creamy Peanut Butter Spread, Jar 18 oz",Nut Butters & Spreads,15.68,$15.68,21.8 ¢/oz
"(3 pack) Great Value Squeezable Strawberry Fruit Spread, 20 oz","Jams, Jellies & Preserves",9.36,$9.36,15.6 ¢/oz
"Taco Bell Mild Salsa Con Queso Mild Cheese Dip, 15 oz Jar, Shelf-Stable",Cheese Dips & Spreads,3.84,$3.84,25.6 ¢/oz
"Cheez Whiz Cheese Dip, 1 Jar, Original Flavor, Easy Dip, 15 oz",Cheese Dips & Spreads,4.96,$4.96,33.1 ¢/oz
"Fritos Mild Cheddar Flavored Cheese Dip, 9 oz Shelf-stable Can",Cheese Dips & Spreads,3.98,$3.98,44.2 ¢/oz
"Velveeta Queso Con Salsa Cheese Dip, 15 oz Jar, Shelf-Stable",Cheese Dips & Spreads,3.48,$3.48,23.2 ¢/oz
"(4 pack) bettergoods S'mores Spread, 13 oz",Nut Butters & Spreads,13.88,$13.88,26.7 ¢/oz
"(2 pack) Peter Pan Crunchy Peanut Butter, Smooth, Gluten Free Peanut Butter, 16.3 oz Jar",Nut Butters & Spreads,4.94,$4.94,15.2 ¢/oz
"Velveeta Original Melting Cheese Dip & Sauce Pouches, 3 Ct Box, 4 oz Packets, Shelf-Stable",Cheese Dips & Spreads,3.28,$3.28,27.3 ¢/oz
"Gordo's Original Queso Cheese Dip, 16 oz, Refrigerated Dip",Cheese Dips & Spreads,4.98,$4.98,31.1 ¢/oz
"Velveeta Queso Blanco Cheese Dip, 15 oz Jar, Shelf-Stable",Cheese Dips & Spreads,3.48,$3.48,23.2 ¢/oz
(2 pack) Crazy Richard's Cruncy Peanut Butter 16oz,Nut Butters & Spreads,7.08,$7.08,22.1 ¢/oz
"(3 pack) Taste of the South Triple Cheddar Pimento Cheese, 10 oz (Tub, Spread, Refrigerated)",Cheese Dips & Spreads,14.16,$14.16,47.2 ¢/oz
"(2 pack) SKIPPY No Sugar Added Creamy peanut butter spread, Shelf-Stable, 40 oz Plastic Jar",Nut Butters & Spreads,13.16,$13.16,16.5 ¢/oz
"SKIPPY Creamy Peanut Butter Spread, Plastic Jar 40 oz (2 Pack)",Nut Butters & Spreads,10.44,$10.44,13.1 ¢/oz
"(4 pack) SKIPPY Natural Peanut Butter Spread, Creamy, 7 G Protein per Serving, 15 oz Plastic Jar",Nut Butters & Spreads,11.92,$11.92,19.9 ¢/oz
"(3 pack) Peter Pan Original Creamy Peanut Butter Spread, Gluten-Free, 56 oz Jar",Nut Butters & Spreads,23.34,$23.34,13.9 ¢/oz
"Tostitos Medium Nacho Cheese Flavor Dip, 15.75 oz Jar",Cheese Dips & Spreads,4.74,$4.74,30.0 ¢/oz
"(4 pack) SKIPPY Chunky Peanut Butter Spread No Sugar Added, 7 g Protein Per Serving, Shelf-Stable, 16 oz Plastic Jar",Nut Butters & Spreads,11.92,$11.92,18.6 ¢/oz
"Ricos Premium Cheddar Aged  Ready to Serve Cheese Sauce, 15 oz Can, Shelf-Stable Liquid",Cheese Dips & Spreads,3.38,$3.38,22.5 ¢/oz
"(3 pack) Great Value Organic Crunchy Stir and Enjoy Peanut Butter, 16 oz",Nut Butters & Spreads,13.41,$13.41,27.9 ¢/oz
"Ricos Gourmet Nacho Cheddar Cheese Sauce, 15 oz, Shelf-Stable",Cheese Dips & Spreads,3.38,$3.38,22.5 ¢/oz
"(4 pack) SKIPPY Peanut Butter Creamy Roasted Honey Nut Spread, 7 g Protein Per Serving, Shelf-Stable, 16.3 oz Plastic Jar",Nut Butters & Spreads,11.92,$11.92,18.3 ¢/oz
"Gordo's Homestyle Queso Cheese Dip, 16 oz, Refrigerated Dip",Cheese Dips & Spreads,4.98,$4.98,31.1 ¢/oz
"On The Border Salsa Con Queso, 15.25 oz Jar",Salsas,4,$4.00,26.1 ¢/oz
"PBfit No Sugar Added Peanut Butter Powder, 8g Protein 9% DV, 13 oz",Nut Butters & Spreads,9.12,$9.12,70.2 ¢/oz
"(2 pack) SKIPPY Natural SUPER CHUNK Peanut Butter Spread, 7 G Protein Per Serving, 40 oz Plastic Jar",Nut Butters & Spreads,13.16,$13.16,16.5 ¢/oz
"(4 pack) Ricos Nacho Cheese Sauce 3.5oz Cup, 4 Count, Shelf-Stable, Ready-To-Eat",Cheese Dips & Spreads,15.92,$15.92,28.4 ¢/oz
"(4 pack) Great Value Sandwich Spread, 15 fl oz Jar",Sandwich Spreads,7.48,$7.48,12.5 ¢/fl oz
"(3 pack) Challenge, Spreadable Butter with Olive Oil, 6.5 oz",Butter & Margarine,7.62,$7.62,39.1 ¢/oz
"Pace Medium Nacho Cheese Sauce, 10.5 oz Can",Cheese Dips & Spreads,1.92,$1.92,18.3 ¢/oz
"(4 pack) Jif No Added Sugar Creamy Peanut Butter Spread, 33.5 oz - Smooth, Creamy Texture, No Stir Peanut Butter Spread",Nut Butters & Spreads,26.32,$26.32,19.6 ¢/oz
"Velveeta Mexican Melting Cheese Dip & Sauce with Jalapeno Peppers, 32 oz Block, Refrigerated",Cheese Dips & Spreads,7.48,$7.48,23.4 ¢/oz
"El Mexicano Nacho Cheese Sauce, 15 oz Can Shelf-Stable",Cheese Dips & Spreads,2.67,$2.67,17.8 ¢/oz
"(2 pack) Peanut Butter & Co, Dark Chocolatey Dreams, Peanut Butter Spread, 16 oz",Nut Butters & Spreads,9.64,$9.64,30.1 ¢/oz
"Ricos White Queso Blanco Cheese Sauce, 15 oz Can, Shelf-Stable",Cheese Dips & Spreads,3.38,$3.38,22.5 ¢/oz
"SKIPPY Peanut Butter, Creamy, 7 G Protein per Serving, 64 oz Plastic Jar",Nut Butters & Spreads,10.28,$10.28,16.1 ¢/oz
"Beneficial Blends Ghee Clarified Butter, Lactose & Gluten Free, Paleo Friendly, 13 oz Jar  Shelf-Stable Cooking and Baking Fat",Butter & Margarine,8.12,$8.12,62.5 ¢/oz
"(4 pack) SKIPPY Natural Creamy Peanut Butter Spread with Honey, 6 g Protein Per Serving, Shelf-Stable, 15 oz Plastic Jar",Nut Butters & Spreads,11.92,$11.92,19.9 ¢/oz
"(12 pack) Great Value Crunchy Peanut Butter, 16 oz",Nut Butters & Spreads,23.76,$23.76,12.4 ¢/oz
"Taco Bell Medium Salsa Con Queso Cheese Dip, 16 oz Jar, Shelf-Stable",Cheese Dips & Spreads,3.84,$3.84,24.0 ¢/oz
"(4 pack) Jif Squeeze Creamy Peanut Butter, 13 oz. - Smooth, Creamy Texture, Portable Peanut Butter Pouch",Nut Butters & Spreads,13.88,$13.88,26.7 ¢/oz
"(3 pack) Barney Butter Smooth Almonds Butter, 10 oz",Nut Butters & Spreads,20.94,$20.94,69.8 ¢/oz
"PBfit Peanut Butter Powder Chocolate Flavor, Cocoa Roasted Peanut Powder, 15 oz",Nut Butters & Spreads,9.84,$9.84,65.6 ¢/oz
"(3 pack) SKIPPY SUPER CHUNK Peanut Butter, 7 g Protein Per Serving, Shelf-Stable, 40 oz Plastic Jar",Nut Butters & Spreads,19.74,$19.74,16.5 ¢/oz
"(3 pack) SKIPPY Natural Creamy Peanut Butter Spread with Honey, 6 g Protein Per Serving, Shelf-Stable, 40 oz Plastic Jar",Nut Butters & Spreads,19.74,$19.74,16.5 ¢/oz
"(3 pack) Welch's Natural Strawberry Spread, 17 oz Jar","Jams, Jellies & Preserves",10.29,$10.29,20.2 ¢/oz
"(2 pack) Santa Cruz Organic Creamy Dark Roasted Peanut Butter, 16 Ounces",Nut Butters & Spreads,12.94,$12.94,40.4 ¢/oz
"(2 pack) Teddie All Natural Super Chunky Peanut Butter, 36 oz",Nut Butters & Spreads,13.14,$13.14,18.3 ¢/oz
"(3 pack) Velveeta Queso Con Salsa Cheese Dip, 15 oz Jar, Shelf-Stable",Cheese Dips & Spreads,10.44,$10.44,23.2 ¢/oz
"(2 pack) Peter Pan Gluten Free Crunchy Peanut Butter, Crunchy 40 oz Jar",Nut Butters & Spreads,11.28,$11.28,14.1 ¢/oz
"(2 pack) Velveeta Queso Blanco Cheese Dip, 15 oz Jar, Shelf-Stable",Cheese Dips & Spreads,6.96,$6.96,23.2 ¢/oz
"(2 pack) Pace Mild Nacho Cheese Sauce, 10.5 oz (1 Count)",Cheese Dips & Spreads,3.84,$3.84,18.3 ¢/oz
"(3 pack) Taco Bell Medium Salsa Con Queso Cheese Dip, 16 oz Jar, Shelf-Stable",Cheese Dips & Spreads,11.52,$11.52,24.0 ¢/oz
(4 pack) Jif 13 Ounce Natural Squeeze Pouch,Nut Butters & Spreads,13.88,$13.88,26.7 ¢/oz
"(4 pack) Ricos Premium Cheddar Aged  Ready to Serve Cheese Sauce, 15 oz Can, Shelf-Stable Liquid",Cheese Dips & Spreads,13.52,$13.52,22.5 ¢/oz
"(4 pack) Ricos Gourmet Nacho Cheddar Cheese Sauce, 15 oz, Shelf-Stable",Cheese Dips & Spreads,13.52,$13.52,22.5 ¢/oz
"(2 pack) Velveeta 2% Milk Reduced Fat Melting Cheese Dip & Sauce with 25% Less Fat, 16 oz Block, Shelf-Stable",Cheese Dips & Spreads,10.96,$10.96,34.3 ¢/oz
"(4 pack) SKIPPY SUPER CHUNK Peanut Butter, 7 g Protein Per Serving, Shelf-Stable, 16.3 oz Plastic Jar",Nut Butters & Spreads,11.92,$11.92,18.3 ¢/oz
"Velveeta Queso Blanco Pasteurized Recipe Cheese Product, 32 oz Block",Cheese Dips & Spreads,7.48,$7.48,23.4 ¢/oz
"Lay's Dip French Onion, 15 oz Jar",Cheese Dips & Spreads,4.98,$4.98,33.2 ¢/oz
"(3 pack) Fritos Mild Cheddar Flavored Cheese Dip, 9 oz Shelf-stable Can",Cheese Dips & Spreads,11.94,$11.94,44.2 ¢/oz
"Velveeta Queso Blanco Pasteurized Recipe Cheese Product, 16 oz Block",Cheese Dips & Spreads,5.48,$5.48,34.3 ¢/oz
"(3 pack) Fritos Jalapeno Cheddar Cheese Dip, 9 oz, Canister",Cheese Dips & Spreads,11.94,$11.94,44.2 ¢/oz
"(4 pack) Velveeta Original Melting Cheese Dip & Sauce Pouches, 3 Ct Box, 4 oz Packets, Shelf-Stable",Cheese Dips & Spreads,13.12,$13.12,27.3 ¢/oz
"Philadelphia Multigrain Bagel Chips & Garden Vegetable Cream Cheese Dip, 2.5 oz Tray",Cream Cheese,2.27,$2.27,90.8 ¢/oz
Dean's French Onion Dip Plastic Tub 16 oz,Vegetable Dips,2.62,$2.62,16.4 ¢/oz
"(3 pack) Tostitos Brand Dips & Salsas Medium Salsa Con Queso, 23 Ounce Jar",Salsas,16.14,$16.14,23.4 ¢/oz
"Pyure Organic Liquid Stevia Extract Sweetener – Zero Calorie, Sugar Free, Keto Friendly, Plant-Based Sugar Substitute – Non-GMO, Diabetic Friendly, Zero Carb, No Aftertaste – Simply Sweet – 1.8 fl oz",Sugar Substitutes,5.18,$5.18,$2.88/fl oz
"BetterBody Foods Monk Fruit Sweetener Blend, Zero Calorie Sweetener, 1lb",Sugar Substitutes,10.28,$10.28,64.3 ¢/oz
"Splenda Zero Calorie Sweetener, Granulated Sugar Substitute, 9.7 oz Plastic Bag",Sugar Substitutes,8.38,$8.38,86.4 ¢/oz
"Splenda Zero Calorie Sweetener, Sugar Substitute Packets - 100CT",Sugar Substitutes,4.97,$4.97,$1.42/oz
"Great Value Granulated No Calorie Sweetener, 9.7 oz",Sugar Substitutes,4.68,$4.68,48.2 ¢/oz
"Great Value No Calorie Sweetener, 8.82 oz, 250 Count",Sugar Substitutes,2.92,$2.92,33.2 ¢/oz
"Great Value No Calorie Sweetener, 200 Count, 7 oz",Sugar Substitutes,6.44,$6.44,92.0 ¢/oz
"(3 pack) Great Value No Calorie Sweetener, 250 Count, 8.82 oz",Sugar Substitutes,11.46,$11.46,43.4 ¢/oz
"Sweet'N Low Zero Calorie Sweetener, 100 count, 3.5 oz",Sugar Substitutes,2.78,$2.78,79.4 ¢/oz
"Great Value No Calorie Sweetener, 250 Count, 8.82 oz",Sugar Substitutes,3.82,$3.82,43.4 ¢/oz
"Pyure Organic Stevia Packets | Zero Calorie Sweetener for Coffee, and Baking | Granulated Stevia Sugar Substitute | Plant-Based, Keto, Diabetic & Paleo Friendly | USDA Organic, Non-GMO | 80 Packets",Sugar Substitutes,6.88,$6.88,$2.46/oz
"Splenda Zero Calorie Sweetener, Sugar Substitute Liquid Sweetener - 100ml",Sugar Substitutes,5.98,$5.98,$1.77/fl oz
"Great Value No Calorie Sweetener, 100 Count",Sugar Substitutes,1.58,$1.58,45.1 ¢/oz
"(4 pack) Great Value Liquid No Calorie Stevia Sweetener, 1.68 fl oz",Sugar Substitutes,13.84,$13.84,$2.06/fl oz
"Great Value No Calorie Sweetener, 1.75 oz, 50 Count",Sugar Substitutes,2.27,$2.27,$1.26/oz
"Great Value Granulated Stevia Sweetener, No Calorie, 9.7 oz",Sugar Substitutes,6.42,$6.42,66.2 ¢/oz
Great Value Monk Fruit & Erythritol Zero Calorie Sweetener 16 oz,Sugar Substitutes,6.72,$6.72,42.0 ¢/oz
"(3 pack) Great Value Organic Stevia No Calorie Sweetener, 7 oz, 200 Count",Sugar Substitutes,33.48,$33.48,$1.59/oz
"Sweet'N Low Zero Calorie Sweetener, 250 count, 8.8 oz",Sugar Substitutes,5.64,$5.64,64.1 ¢/oz
"Great Value No Calorie Stevia Packets, 80 Count",Sugar Substitutes,4.64,$4.64,82.9 ¢/oz
"Whole Earth Stevia Leaf & Monk Fruit Plant-Based Sweetener, 80 Count, 5.6 oz",Sugar Substitutes,6.48,$6.48,$1.16/oz
"Splenda Zero Calorie Sweetener, Sugar Substitute Packets - 200CT",Sugar Substitutes,7.74,$7.74,$1.11/oz
"(4 pack) Great Value No Calorie Stevia Sweetener, 9.8 oz",Sugar Substitutes,20.96,$20.96,53.5 ¢/oz
"(3 pack) Great Value No Calorie Sweetener, 200 Count, 7 oz",Sugar Substitutes,19.32,$19.32,92.0 ¢/oz
"Great Value Liquid No Calorie Stevia Sweetener, 1.68 fl oz",Sugar Substitutes,3.46,$3.46,$2.06/fl oz
"Great Value No Calorie Stevia Sweetener, 9.8 oz",Sugar Substitutes,5.24,$5.24,53.5 ¢/oz
"Stevia In The Raw Zero Calorie Sweetener, Sugar Substitute Packets, Vega, 125 Count, 4.4 oz",Sugar Substitutes,5.52,$5.52,$1.26/oz
"Monk Fruit In The Raw Zero Calorie Sweetener, Sugar Substitute, 4.8 oz, Bag",Sugar Substitutes,6.84,$6.84,$1.43/oz
"Splenda Sweetener with Brown Sugar Blend, 16 oz",Sugar Substitutes,5.23,$5.23,32.7 ¢/oz
"BetterBody Foods Golden Monk Fruit Sweetener Blend, Sugar Substitute, 1 lb",Sugar Substitutes,10.48,$10.48,65.5 ¢/oz
"Truvia Original Calorie-Free Sweetener from The Stevia Leaf, 80 Count (5.64 oz Carton)",Sugar Substitutes,6.48,$6.48,$1.16/oz
"Swerve All Natural Sweetner Granular, 12 Oz, 1 Count",Sugar Substitutes,6.98,$6.98,58.2 ¢/oz
"Equal Coffee and Tea Sweetener Sugar Free Sweetener with No Calories Artificial Sugar Replacement Sweetener, 250ct",Sugar Substitutes,6.28,$6.28,71.4 ¢/oz
"Pyure Organic Liquid Stevia Extract Sweetener  Zero Calorie, Sugar Free, Keto Friendly, Plant-Based Sugar Substitute  Non-GMO, Diabetic Friendly, Zero Carb, No Aftertaste  Simply Sweet  1.8 fl oz",Sugar Substitutes,5.18,$5.18,$2.88/fl oz
"Great Value Pure Granulated Sugar, 4 lb",Sugars,3.07,$3.07,4.8 ¢/oz
"(3 pack) Great Value Granulated No Calorie Sweetener, 9.7 oz",Sugar Substitutes,14.04,$14.04,48.2 ¢/oz
"(2 pack) Great Value No Calorie Sweetener, 8.82 oz, 250 Count",Sugar Substitutes,5.84,$5.84,33.2 ¢/oz
"Truvia Calorie-Free Sweetener Jar from The Stevia Leaf, 9.8 oz",Sugar Substitutes,5.97,$5.97,60.9 ¢/oz
"Agave In The Raw Organic Agave Nectar, Liquid, 18.5 oz, Bottle",Sugar Substitutes,5.73,$5.73,31.0 ¢/oz
"Pyure Organic Stevia Blend | Granulated Sugar Substitute with Zero Calories & Carbs | Keto, Diabetic & Vegan Friendly | Sugary Taste Alternative | USDA Organic, Non-GMO | Good For Baking | 12oz",Sugar Substitutes,7.74,$7.74,64.5 ¢/oz
"Madhava Organic 100% Blue Agave Sweetener Sugar Substitute, Shelf-Stable, 23.5oz Bottle",Sugar Substitutes,6.92,$6.92,29.4 ¢/oz
"Whole Earth Zero Calorie Stevia, Monk Fruit & Allulose Sweetener Packets, Zero Calorie Sugar Substitute, Keto, Non-GMO, Erythritol-Free, 80 Count",Sugar Substitutes,6.48,$6.48,$2.30/oz
SweetLeaf - Monk Fruit Granular Organic Sweetener - 8.47 oz,Sugar Substitutes,6.78,$6.78,80.0 ¢/oz
"EQUAL 0 Calorie Sweetener, Aspartame and Acesulfame-K Sweetener Packets, Zero Calorie Sugar Alternative, Erythritol Free, 100 count (Pack of 1)",Sugar Substitutes,3.44,$3.44,98.3 ¢/oz
"Truvia Cane Sugar Blend, Mix of Stevia Sweetener and Cane Sugar, 24 oz",Sugar Substitutes,7.22,$7.22,30.1 ¢/oz
Splenda Zero Monk Fruit Zero Calorie Liquid Sweetener 3.38 fl. oz.,Sugar Substitutes,6.34,$6.34,$1.87/fl oz
"Great Value No Calorie Stevia, 2.82 oz, 40 Count",Sugar Substitutes,2.63,$2.63,93.9 ¢/oz
"Swerve Ultimate Sugar Replacement Sweetener, Brown Sugar Substitute, Zero Calorie, Keto Friendly, Zero Sugar, Non-Glycemic, 12oz",Sugar Substitutes,6.98,$6.98,58.2 ¢/oz
Splenda Stevia Granulated 9.7oz Pouch,Sugar Substitutes,6.98,$6.98,72.0 ¢/oz
"EQUAL Zero Calorie Sweetener, Sugar Substitute, 800 Packets",Sugar Substitutes,13.42,$13.42,47.6 ¢/oz
"Stevia in The Raw Zero Calorie Sweetener, Sugar Substitute Packets, Vegan, 14.10 oz, 400 Count",Sugar Substitutes,18.12,$18.12,$1.29/oz
Splenda Stevia Sweetener Packets - 200CT,Sugar Substitutes,8.98,$8.98,$1.28/oz
"Truvia Original Calorie-Free Sweetener from The Stevia Leaf, 240 Count (16.9 oz Carton)",Sugar Substitutes,15.98,$15.98,94.6 ¢/oz
"Splenda ZERO Stevia Liquid Zero Calorie Sweetener, 3.38 fl oz",Sugar Substitutes,6.88,$6.88,$2.02/fl oz
"Splenda Zero Calorie Sweetener, Sugar Substitute Packets, 700 Count, Cardboard Box",Sugar Substitutes,20.87,$20.87,84.8 ¢/oz
"Lakanto Classic Monk Fruit Sweetener - White Sugar Substitute, 2 lbs, 1 Count",Sugar Substitutes,14.98,$14.98,46.8 ¢/oz
"(5 pack) Splenda Zero Calorie Sweetener, Sugar Substitute Packets - 400 Ct.",Sugar Substitutes,71.7,$71.70,$1.02/oz
Splenda Sweetener with Sugar Baking Blend (2 lb) Resealable Pouch,Sugar Substitutes,7.5,$7.50,23.4 ¢/oz
"Splenda Zero Calorie Sweetener, Sugar Substitute Packets - 400 Ct.",Sugar Substitutes,14.34,$14.34,$1.02/oz
"Splenda Naturals Stevia Sweetener, Instant, Gluten Free, 9.8 oz Shelf Stable Plastic Jar",Sugar Substitutes,6.18,$6.18,63.1 ¢/oz
"Swerve Sweetener, Confectioner Sugar Replacment, 12 Oz",Sugar Substitutes,6.98,$6.98,58.2 ¢/oz
"Madhava Organic Light Agave, 100% Blue Agave Sweetener Sugar Substitute, Shelf-Stable, 46 oz Bottle",Sugar Substitutes,10.73,$10.73,23.3 ¢/oz
Splenda Monk Fruit 19 oz. Large Jar,Sugar Substitutes,9.46,$9.46,49.8 ¢/oz
"Great Value Organic Stevia No Calorie Sweetener, 7 oz, 200 Count",Sugar Substitutes,11.16,$11.16,$1.59/oz
"Truvia Sweet Complete Stevia Leaf Brown with a hint of Molasses, 14oz Bag",Sugar Substitutes,6.88,$6.88,49.1 ¢/oz
"BetterBody Foods Organic Monk Fruit Sweetener Blend, Sugar Substitute, 16oz",Sugar Substitutes,12.98,$12.98,81.1 ¢/oz
"Lakanto Classic Monk Fruit Sweetener - White Sugar Substitute, Zero Calorie, Keto Diet Friendly, Zero Net Carbs, Zero Glycemic, Baking, Extract, Sugar Replacement (Classic White - 1 lb)",Sugar Substitutes,10.98,$10.98,68.6 ¢/oz
SweetLeaf - Monk Fruit Granular Organic Sweetener - 28.2 oz,Sugar Substitutes,12.48,$12.48,44.3 ¢/oz
"Lakanto Monk Fruit Sweetener Golden Sugar Free, 2 lbs, 1 Count",Sugar Substitutes,14.98,$14.98,46.8 ¢/oz
Splenda Stevia Sweetener Packets - 400CT,Sugar Substitutes,16.48,$16.48,$1.17/oz
"Lakanto Monk Fruit Sweetener - 1:1 Raw Cane Sugar Substitute, Zero Calorie, Keto Diet Friendly, Zero Net Carbs, Zero Glycemic, Baking, Extract, Sugar Replacement (Golden - 1 lb)",Sugar Substitutes,9.98,$9.98,62.4 ¢/oz
"Great Value Sugar Cannister, 20 oz",Sugars,2.12,$2.12,10.6 ¢/oz
"Madhava Organic 100% Blue Amber Agave Sweetener Sugar Substitute, Shelf-Stable 46oz Bottle",Sugar Substitutes,10.73,$10.73,23.3 ¢/oz
"McCormick Spiced Orange Finishing Sugar, 3.7 oz Bottle",Sugars,3.47,$3.47,93.8 ¢/oz
"Great Value Organic Coconut Sugar, 32 oz",Sugar Substitutes,9.42,$9.42,29.4 ¢/oz
"Great Value Cinnamon Sugar, 3.62 oz",Sugars,2.17,$2.17,59.9 ¢/oz
"C&H Premium Pure Cane Sugar Packets, 100 Count, 1/8 oz",Sugars,3.12,$3.12,25.3 ¢/oz
"(2 pack) Lakanto Classic Monk Fruit Sweetener - White Sugar Substitute, Zero Calorie, Keto Diet Friendly, Zero Net Carbs, Zero Glycemic, Baking, Extract, Sugar Replacement (Classic White - 1 lb)",Sugar Substitutes,21.96,$21.96,68.6 ¢/oz
"Great Value Pure Granulated Sugar, 25 lb",Sugars,19.97,$19.97,5.0 ¢/oz
"Madhava Agave Nectar Raw Amber Honey, Gluten Free, Shelf-Stable, 17oz Bottle",Sugar Substitutes,5.23,$5.23,30.8 ¢/oz
"C&H Premium Pure Cane Granulated Sugar, 3.5 lb Tub",Sugars,5.92,$5.92,10.6 ¢/oz
"Lakanto Original Liquid Monk Fruit Extract Drops, 1.76 fl oz",Sugar Substitutes,9.98,$9.98,$5.67/fl oz
"Zulka Pure Cane Sugar,  8 lb,  Vegan & Plant Based and Non GMO",Sugars,8.47,$8.47,6.6 ¢/oz
"(3 pack) Great Value No Calorie Stevia Packets, 80 Count",Sugar Substitutes,13.92,$13.92,82.9 ¢/oz
"(3 pack) Stevia in The Raw Zero Calorie Sweetener, Sugar Substitute for Baking, Coffee, and Cooking, 9.7 oz, Bag",Sugar Substitutes,22.74,$22.74,78.1 ¢/oz
"(3 pack) Splenda Zero Calorie Sweetener, Sugar Substitute Liquid Sweetener - 100ml",Sugar Substitutes,17.94,$17.94,$1.77/fl oz
Sugar in the Raw Turbinado Cane Sugar 100 ct Packs,Sugars,3.72,$3.72,23.3 ¢/oz
"McCormick Non-GMO Kosher Cinnamon Sugar, 3.62 oz Bottle",Sugars,2.77,$2.77,76.5 ¢/oz
"Florida Crystals Regenerative Organic Raw Cane Sugar, 48 oz Jug",Sugars,5.12,$5.12,10.7 ¢/oz
Sugar In The Raw Turbinado Cane Sugar 32oz,Sugars,3.98,$3.98,12.4 ¢/oz
"El Guapo Unrefined Cane Sugar, 8.4 oz Bag",Sugars,3.12,$3.12,39.0 ¢/oz
C&H Premium Pure Cane Light Brown Sugar 2 lb. Zipper-Pak,Sugars,3.67,$3.67,11.5 ¢/oz
C&H Premium Pure Cane Dark Brown Sugar 2lb. Zipper-Pak,Sugars,3.67,$3.67,11.5 ¢/oz
"(4 pack) McCormick Non-GMO Kosher Cinnamon Sugar, 3.62 oz Bottle",Sugars,11.08,$11.08,76.5 ¢/oz
"Florida Crystals Regenerative Organic Powdered Sugar, 16 oz Pouch",Sugars,3.33,$3.33,20.8 ¢/oz
"C&H Premium Pure Cane Sugar Cubes, 126 Cubes, 1 lb",Sugars,2.66,$2.66,16.6 ¢/oz
"(3 pack) Great Value Confectioners Powdered Sugar, 32 oz",Sugars,6.51,$6.51,6.8 ¢/oz
"Sugar in The Raw Turbinado Cane Sugar for Baking, Coffee, and Cooking, 64 oz, Bag",Sugars,7.48,$7.48,11.7 ¢/oz
"Zulka Pure Cane Sugar, 4 lb, Contains No Allergens",Sugars,4.34,$4.34,6.8 ¢/oz
Badia Bee Pollen 10oz,Sugar Substitutes,10.74,$10.74,$1.07/oz
"Florida Crystals Regenerative Organic Raw Cane Sugar, 6 lb Pouch",Sugars,10.17,$10.17,10.6 ¢/oz
"(3 pack) Great Value Granulated Stevia Sweetener, No Calorie, 9.7 oz",Sugar Substitutes,19.26,$19.26,66.2 ¢/oz
C&H Pure Cane Ultrafine Granulated Baker's Sugar 3.5 lb Tub,Sugars,5.97,$5.97,10.7 ¢/oz
"(4 pack) Great Value Sugar Cannister, 20 oz",Sugars,8.48,$8.48,10.6 ¢/oz
"(2 pack) Pyure Organic Stevia Blend | Granulated Sugar Substitute with Zero Calories & Carbs | Keto, Diabetic & Vegan Friendly | Sugary Taste Alternative | USDA Organic, Non-GMO | Good For Baking | 12oz",Sugar Substitutes,15.48,$15.48,64.5 ¢/oz
"Florida Crystals Regenerative Organic Light Brown Sugar, 24 oz Pouch",Sugars,3.84,$3.84,16.0 ¢/oz
"Madhava Organic Unrefined Coconut Sugar, Shelf-Stable, 3 lb Bag",Sugar Substitutes,14.12,$14.12,29.4 ¢/oz
"C&H Premium Pure Cane Granulated Sugar, 10 lb",Sugars,9.84,$9.84,6.2 ¢/oz
"(2 pack) C&H Premium Pure Cane Sugar Cubes, 126 Cubes, 1 lb",Sugars,5.32,$5.32,16.6 ¢/oz
"Great Value Organic Granulated Cane Sugar, 2 lb",Sugars,3.14,$3.14,9.8 ¢/oz
"(3 pack) Truvia Cane Sugar Blend, Mix of Stevia Sweetener and Cane Sugar, 24 oz",Sugars,21.66,$21.66,30.1 ¢/oz
"Florida Crystals Turbinado Cane Sugar, 44 oz Jug",Sugars,5.57,$5.57,12.7 ¢/oz
"(3 pack) Swerve All Natural Sweetner Granular, 12 Oz, 1 Count",Sugar Substitutes,20.94,$20.94,58.2 ¢/oz
"(3 pack) Great Value Organic Granulated Cane Sugar, 4 lbs",Sugars,17.31,$17.31,9.0 ¢/oz
"(2 pack) El Guapo Unrefined Cane Sugar, 8.4 oz Bag",Sugars,6.24,$6.24,39.0 ¢/oz
"(6 pack) C&H Premium Cane Powdered Sugar, 2 lb",Sugars,20.88,$20.88,10.9 ¢/oz
(4 pack) Splenda Sweetener with Sugar Baking Blend (2 lb) Resealable Pouch,Sugar Substitutes,30,$30.00,23.4 ¢/oz
"(6 pack) Great Value Pink Sanding Sugar, 3.5 oz",Sugars,11.16,$11.16,53.1 ¢/oz
"Great Value Organic Granulated Cane Sugar, 4 lbs",Sugars,5.77,$5.77,9.0 ¢/oz
(4 pack) C&H Premium Pure Cane Dark Brown Sugar 2lb. Zipper-Pak,Sugars,14.68,$14.68,11.5 ¢/oz
"(3 pack) Pyure Organic Liquid Stevia Extract Sweetener  Zero Calorie, Sugar Free, Keto Friendly, Plant-Based Sugar Substitute  Non-GMO, Diabetic Friendly, Zero Carb, No Aftertaste  Simply Sweet  1.8 fl oz",Sugar Substitutes,15.54,$15.54,$2.88/fl oz
"(5 pack) C&H Premium Pure Cane Granulated Sugar, 4 lb",Sugars,19.7,$19.70,6.2 ¢/oz
(2 pack) C&H Premium Pure Cane Light Brown Sugar 2 lb. Zipper-Pak,Sugars,6.96,$6.96,10.9 ¢/oz
"(5 pack) Splenda ZERO Stevia Liquid Zero Calorie Sweetener, 3.38 fl oz",Sugar Substitutes,34.4,$34.40,$2.02/fl oz
(2 pack) Sugar In The Raw Turbinado Cane Sugar 32oz,Sugars,8.72,$8.72,13.6 ¢/oz
"(6 pack) Great Value Cinnamon Sugar, 3.62 oz",Sugars,13.02,$13.02,59.9 ¢/oz
"(4 pack) Great Value Light Brown Sugar, 32 oz",Sugars,8.68,$8.68,6.8 ¢/oz
"(4 pack) Madhava Organic Unrefined Coconut Sugar, Shelf-Stable, 3 lb Bag",Sugar Substitutes,56.48,$56.48,29.4 ¢/oz
"(3 pack) Madhava Agave Nectar Raw Amber Honey, Gluten Free, Shelf-Stable, 17oz Bottle","Molasses, Treacle & Sugar Syrups",15.69,$15.69,30.8 ¢/oz
(3 pack) Sugar in the Raw Turbinado Cane Sugar 100 ct Packs,Sugars,11.16,$11.16,23.3 ¢/oz
"(6 pack) Florida Crystals Regenerative Organic Raw Cane Sugar, 6 lb Pouch",Sugars,61.02,$61.02,10.6 ¢/oz
"(3 pack) Pyure Organic Stevia Packets | Zero Calorie Sweetener for Coffee, and Baking | Granulated Stevia Sugar Substitute | Plant-Based, Keto, Diabetic & Paleo Friendly | USDA Organic, Non-GMO | 80 Packets",Sugar Substitutes,20.64,$20.64,$2.46/oz
"Great Value Sugar Cones, 5 oz, 12 Count",Ice Cream Wafers & Cones,2.62,$2.62,52.4 ¢/oz
"(4 pack) Great Value Sugar Cones, 5 oz, 12 Count",Sugars,10.48,$10.48,52.4 ¢/oz
"(4 pack) Splenda Naturals Stevia Sweetener, Instant, Gluten Free, 9.8 oz Shelf Stable Plastic Jar",Sugar Substitutes,24.72,$24.72,63.1 ¢/oz
"Mission Super Soft Flour Tortillas, Soft Taco Size, 10 Count",Tortillas & Wraps,2.48,$2.48,14.2 ¢/oz
"Old El Paso Stand 'N Stuff Taco Shells, Gluten Free, Meal Prep, 10 Count, 4.7 oz",Taco Shells,2.08,$2.08,44.3 ¢/oz
"Mission Super Soft Flour Tortillas, Soft Taco Size, 20 Count",Tortillas & Wraps,4.98,$4.98,14.2 ¢/oz
"Mission White Corn Tortillas, Street Taco Size, 24 Count",Tortillas & Wraps,2.48,$2.48,19.7 ¢/oz
"Great Value Medium Soft Taco Flour Tortillas, 17.5 oz Bag, 10 Count (Shelf Stable)",Tortillas & Wraps,1.98,$1.98,11.3 ¢/oz
"(4 pack) Great Value Medium Soft Taco Flour Tortillas, 17.5 oz Bag, 10 Count (Shelf Stable)",Tortillas & Wraps,7.92,$7.92,11.3 ¢/oz
"Old El Paso Crunchy Taco Shells, Gluten Free, Meal Prep, 12 Count, 4.6 oz",Taco Shells,2.08,$2.08,45.2 ¢/oz
"Old El Paso Stand 'N Stuff Bold Nacho Cheese Flavored Taco Shells, 10 Count, 5.4 oz",Taco Shells,3.14,$3.14,58.1 ¢/oz
"Guerrero Riquisimas Flour Tortillas, Soft Taco Size, 24 Count",Tortillas & Wraps,5.62,$5.62,16.1 ¢/oz
"Mission Super Soft Whole Wheat Flour Tortillas, Soft Taco Size, 10 Count",Tortillas & Wraps,3.27,$3.27,20.4 ¢/oz
"Great Value Taco Shells, 4.6 oz, 12 Count",Taco Shells,1.58,$1.58,34.3 ¢/oz
"(3 pack) Guerrero Fresquiricas Flour Tortillas, Soft Taco Size, 10 Count",Tortillas & Wraps,7.98,$7.98,17.7 ¢/oz
"Mission Carb Balance Flour Tortillas, Soft Taco Size, 8 Count",Tortillas & Wraps,5.17,$5.17,43.1 ¢/oz
"Guerrero Zero Net Carbs Original Tortillas, Street Taco Size, 14 pack",Tortillas & Wraps,3.24,$3.24,36.4 ¢/oz
"La Banderita Soft Taco Flour Tortillas, 16 oz, 10 Count",Tortillas & Wraps,2.73,$2.73,17.1 ¢/oz
La Banderita Burrito Grande Extra Large Flour Tortillas 8 Count,Tortillas & Wraps,3.38,$3.38,16.9 ¢/oz
"Great Value Medium White Corn Tortillas, 30 Count",Tortillas & Wraps,1.98,$1.98,7.9 ¢/oz
"Mission Super Soft Flour Tortillas, Street Tacos Size, 12 Count",Tortillas & Wraps,3.13,$3.13,28.5 ¢/oz
"Guerrero Riquisimas Flour Tortillas, Soft Taco Size, 10 Count",Tortillas & Wraps,2.97,$2.97,20.5 ¢/oz
"Great Value Ready to Cook Soft Taco Size Flour Tortillas, 30 oz, 18 Count",Tortillas & Wraps,3.74,$3.74,12.5 ¢/oz
"Mission Super Soft Flour Tortillas, Burrito Size, 8 Count",Tortillas & Wraps,3.48,$3.48,17.4 ¢/oz
"Old El Paso Stand 'N Stuff Taco Shells, Gluten Free, Meal Prep, Family Size, 20 Count, 9.4 oz",Taco Shells,4.12,$4.12,43.8 ¢/oz
"Taco Bell Mild Seasoned Flavor Crunchy Taco Shells, 12 ct, 4.8 oz Box",Taco Shells,3.34,$3.34,69.6 ¢/oz
"Mission Super Soft White Corn Tortillas, 30 Count",Tortillas & Wraps,2.62,$2.62,10.5 ¢/oz
"Mission Super Soft Flour Tortillas, Fajita Size, 20 Count",Tortillas & Wraps,3.48,$3.48,15.1 ¢/oz
"Guerrero Caseras Flour Tortillas, Soft Taco Size, 10 Count",Tortillas & Wraps,2.98,$2.98,14.3 ¢/oz
"Guerrero Tostadas Caseras Amarillas, 22 Count",Tortillas & Wraps,2.67,$2.67,20.9 ¢/oz
"Guerrero Sonora Style Tortillas - 8.0"" Soft Taco - 20 Count, 29.17 oz.",Tortillas & Wraps,4.34,$4.34,15.0 ¢/oz
"Guerrero White Corn Tortillas, 18 Count",Tortillas & Wraps,1.96,$1.96,12.3 ¢/oz
"Taco Bell Crunchy Taco Shells, 12 ct, 4.5 oz Box",Taco Shells,2.82,$2.82,62.7 ¢/oz
"La Banderita Carb Counter Zero Net Carbs Soft Taco Flour Tortillas, 11.8 oz, 8 Count",Tortillas & Wraps,5.92,$5.92,49.7 ¢/oz
"Old El Paso Carb Advantage Crunchy Taco Shells, Nacho Cheese Flavored, 8 Count, 3.95 oz",Taco Shells,4.38,$4.38,$1.11/oz
"Old El Paso Carb Advantage Crunchy Taco Shells, 6g Net Carbs, 90 Calories, 10 Ct, 4.6 oz",Taco Shells,4.38,$4.38,95.2 ¢/oz
La Banderita Yellow Corn Tortilla 30 Count,Tortillas & Wraps,2.44,$2.44,9.8 ¢/oz
"Tortilla Land Ready to Cook Soft Taco Size Flour Tortillas, 30 oz, 18 Count",Tortillas & Wraps,4.17,$4.17,13.9 ¢/oz
"Mission Zero Net Carbs Original Flour Tortillas, Street Tacos Size, 14 Count",Tortillas & Wraps,3.63,$3.63,40.8 ¢/oz
"Old El Paso Soft Tortilla Bowls, Flour, 8 Count., 6.7 oz.",Tortillas & Wraps,3.58,$3.58,53.4 ¢/oz
"Old El Paso Spicy Jalapeno Cheddar Flavored Stand 'N Stuff Taco Shells, 10 Count, 5.4 oz",Taco Shells,3.14,$3.14,58.1 ¢/oz
"Mission Carb Balance Flour Tortillas, Fajita Size, 8 Count",Tortillas & Wraps,3.72,$3.72,46.5 ¢/oz
"Great Value Small Fajita Flour Tortillas, 26 oz, 20 Count",Tortillas & Wraps,2.12,$2.12,8.2 ¢/oz
"Mission Gluten Free Original Flour Tortillas, Soft Taco Size, 6 Count",Tortillas & Wraps,5.74,$5.74,54.7 ¢/oz
"Old El Paso Crunchy Taco Shells, Gluten-Free, 18 Count., 6.89 oz.",Taco Shells,3,$3.00,43.5 ¢/oz
"Mission Super Soft Yellow Corn Tortillas, 30 Count",Tortillas & Wraps,2.62,$2.62,9.4 ¢/oz
"Mission Carb Balance Whole Wheat Flour Tortillas, Soft Taco Size, 8 Count",Tortillas & Wraps,4.88,$4.88,40.7 ¢/oz
"Guerrero White Corn Tortillas, 30 Count",Tortillas & Wraps,2.58,$2.58,10.3 ¢/oz
"Mission Super Soft Flour Tortillas, Burrito Size, 16 Count",Tortillas & Wraps,5.87,$5.87,14.7 ¢/oz
"Guerrero Fresquiricas Flour Tortillas, Soft Taco Size, 10 Count",Tortillas & Wraps,2.66,$2.66,17.7 ¢/oz
"La Banderita Carb Counter, Small Street Taco Flour Tortillas, 14 Count, 10.8 oz",Tortillas & Wraps,3.37,$3.37,33.0 ¢/oz
"Mission Carb Balance Flour Tortillas, Burrito Size, 6 Count",Tortillas & Wraps,4.47,$4.47,29.8 ¢/oz
"Guerrero Sonora Style Tortillas - 8.0"" Soft Taco - 10 Count, 14.58 oz.",Tortillas & Wraps,2.77,$2.77,19.0 ¢/oz
"Ol Mexican Foods Xtreme Wellness High Fiber Zero Net Carb Soft Taco Flour Tortilla Wraps, 11.8 oz, 8 Count",Tortillas & Wraps,5.44,$5.44,46.1 ¢/oz
"Great Value Burrito Flour Tortillas, 20 oz, 8 Count",Tortillas & Wraps,2.12,$2.12,10.6 ¢/oz
"Ol Mexican Foods Xtreme Wellness High Fiber Zero Net Carbs Street Taco Flour Tortilla Wraps, 10.8 oz, 14 Count",Tortillas & Wraps,3.37,$3.37,31.2 ¢/oz
"La Banderita Corn Tortillas, 24.9oz, 30 Count Bag",Tortillas & Wraps,2.44,$2.44,8.9 ¢/oz
"Mission Wraps Garden Spinach, 6 Count",Tortillas & Wraps,4.18,$4.18,27.9 ¢/oz
"(4 pack) Old El Paso Soft Tortilla Bowls, Flour, 8 Count., 6.7 oz.",Tortillas & Wraps,14.32,$14.32,53.4 ¢/oz
"Guerrero Sonora Style Tortillas - 12.0"" Burrito - 8 Count, 29.33 oz.",Tortillas & Wraps,4.34,$4.34,14.8 ¢/oz
"La Banderita Homestyle Flour Tortillas, 42.3 oz, 20 Count",Tortillas & Wraps,4.46,$4.46,10.5 ¢/oz
"Guerrero White Corn Tortillas, 80 Count",Tortillas & Wraps,3.98,$3.98,6.0 ¢/oz
"La Banderita Carb Counter Large Soft Flour Tortillas, 13.7 oz, 6 Count",Tortillas & Wraps,4.97,$4.97,36.0 ¢/oz
"Guerrero Whole Wheat Flour Tortillas, Soft Taco Size, 11 Count",Tortillas & Wraps,3.07,$3.07,19.2 ¢/oz
"Great Value Whole Wheat Soft Taco Flour Tortillas, 16 oz, 10 Count",Tortillas & Wraps,2.76,$2.76,17.3 ¢/oz
"Ol Mexican Foods Xtreme Wellness High Fiber Keto Certified Flour Tortilla Wraps, 12.7 oz, 8 Count",Tortillas & Wraps,4.57,$4.57,36.0 ¢/oz
"Mission Zero Net Flour Tortillas - 0g Net Carbs - Keto Certified - 8.0"" Soft Taco - 8 Count, 11.29 oz.",Tortillas & Wraps,5.34,$5.34,47.3 ¢/oz
"Guerrero White Corn King Size Tortillas, 30 Count",Tortillas & Wraps,2.74,$2.74,7.8 ¢/oz
"Great Value Medium Flour Tortillas, 12 oz, 8 Count",Tortillas & Wraps,3.42,$3.42,28.5 ¢/oz
La Banderita White Corn Tortillas 80 Count,Tortillas & Wraps,4.24,$4.24,6.4 ¢/oz
"(3 pack) Guerrero Caseras Flour Tortillas, Soft Taco Size, 10 Count",Tortillas & Wraps,8.94,$8.94,14.3 ¢/oz
"Guerrero Riquisimas Flour Tortillas, Burrito Grande Size, 8 Count",Tortillas & Wraps,4.34,$4.34,16.0 ¢/oz
"Mission Super Soft Extra Thin Yellow Corn Tortillas, 24 Count",Tortillas & Wraps,2.62,$2.62,16.4 ¢/oz
"Mission Carb Balance Whole Wheat Flour Tortillas, Burrito Size, 6 Count",Tortillas & Wraps,4.47,$4.47,29.8 ¢/oz
La Banderita Organic 8 Inch Flour Tortillas 6 Count,Tortillas & Wraps,3.17,$3.17,33.4 ¢/oz
"Guerrero Caseras Flour Tortillas, Fajita Size, 20 Count",Tortillas & Wraps,3.07,$3.07,13.6 ¢/oz
"Mission Carb Balance Whole Wheat Flour Tortillas, Fajita Size, 8 Count",Tortillas & Wraps,3.63,$3.63,45.4 ¢/oz
"Ol Mexican Foods Xtreme Wellness High Fiber Large Burrito Flour Tortilla Wraps, 15 oz, 6 Count",Tortillas & Wraps,5.24,$5.24,34.9 ¢/oz
"(3 pack) Guerrero Riquisimas Flour Tortillas, Soft Taco Size, 10 Count",Tortillas & Wraps,8.91,$8.91,20.5 ¢/oz
"(3 pack) Mission Super Soft Whole Wheat Flour Tortillas, Soft Taco Size, 10 Count",Tortillas & Wraps,9.81,$9.81,20.4 ¢/oz
"Guerrero Riquisimas Flour Tortillas, Burrito Size, 8 Count",Tortillas & Wraps,4.12,$4.12,22.2 ¢/oz
"La Tortilla Factory Zero Net Carb Tortillas, Carb Cutting, Keto Friendly, Soft Taco Size, 8 Count, 11 oz  60 Calorie High Fiber Wraps for Quick Tacos",Tortillas & Wraps,3.98,$3.98,36.2 ¢/oz
"(2 pack) Great Value Whole Wheat Soft Taco Flour Tortillas, 16 oz, 10 Count",Tortillas & Wraps,5.52,$5.52,17.3 ¢/oz
"(3 pack) Mission Super Soft Flour Tortillas, Street Tacos Size, 12 Count",Tortillas & Wraps,9.39,$9.39,28.5 ¢/oz
"Mission Flour Chalupas, 4 Count",Tortillas & Wraps,2.48,$2.48,28.5 ¢/oz
(3 pack) La Banderita Burrito Grande Extra Large Flour Tortillas 8 Count,Tortillas & Wraps,10.14,$10.14,16.9 ¢/oz
"Guerrero Caseras Flour Tortillas, Burrito Size, 8 Count",Tortillas & Wraps,3.58,$3.58,17.9 ¢/oz
"Mission Super Soft Yellow Corn Tortillas, Super Size, 10 Count",Tortillas & Wraps,2.44,$2.44,22.6 ¢/oz
"Mission Super Soft White Corn Tortillas, Super Size, 10 Count",Tortillas & Wraps,2.44,$2.44,22.6 ¢/oz
"Great Value White Corn Tortillas, 66.67 oz, 80 Count",Tortillas & Wraps,2.97,$2.97,4.6 ¢/oz
"(4 pack) Great Value Small Fajita Flour Tortillas, 26 oz, 20 Count",Tortillas & Wraps,8.48,$8.48,8.2 ¢/oz
"(3 pack) Great Value Burrito Flour Tortillas, 20 oz, 8 Count",Tortillas & Wraps,6.36,$6.36,10.6 ¢/oz
"(3 pack) Mission Super Soft Extra Thin Yellow Corn Tortillas, 24 Count",Tortillas & Wraps,7.86,$7.86,16.4 ¢/oz
"BFree Foods, Gluten Free Keto High Protein Carb Friendly Tortilla Wraps, 7.4oz, 5 Count",Tortillas & Wraps,6.17,$6.17,83.3 ¢/oz
"(3 pack) Guerrero Whole Wheat Flour Tortillas, Soft Taco Size, 11 Count",Tortillas & Wraps,9.21,$9.21,19.2 ¢/oz
"(3 pack) Mission Zero Net Flour Tortillas - 0g Net Carbs - Keto Certified - 8.0"" Soft Taco - 8 Count, 11.29 oz.",Tortillas & Wraps,16.02,$16.02,47.3 ¢/oz
"(3 pack) Ol Mexican Foods Xtreme Wellness High Fiber Keto Certified Flour Tortilla Wraps, 12.7 oz, 8 Count",Tortillas & Wraps,13.71,$13.71,36.0 ¢/oz
"(3 pack) La Tortilla Factory Zero Net Carb Tortillas, Carb Cutting, Keto Friendly, Soft Taco Size, 8 Count, 11 oz  60 Calorie High Fiber Wraps for Quick Tacos",Tortillas & Wraps,11.94,$11.94,36.2 ¢/oz
"Great Value Yellow Tostadas, 12.8 oz, 22 Count",Tortillas & Wraps,2.17,$2.17,17.0 ¢/oz
"(3 pack) Guerrero Caseras Flour Tortillas, Burrito Size, 8 Count",Tortillas & Wraps,10.74,$10.74,17.9 ¢/oz
"(3 pack) Great Value White Corn Tortillas, 66.67 oz, 80 Count",Tortillas & Wraps,8.91,$8.91,4.6 ¢/oz
"La Banderita Crunchy Corn Tostadas, 12.4 oz",Tortillas & Wraps,2.77,$2.77,22.3 ¢/oz
"(3 pack) Guerrero Caseras Flour Tortillas, Fajita Size, 20 Count",Tortillas & Wraps,9.21,$9.21,13.6 ¢/oz
"(4 pack) Mission Super Soft White Corn Tortillas, Super Size, 10 Count",Tortillas & Wraps,9.76,$9.76,22.6 ¢/oz
"(4 pack) Mission Super Soft Yellow Corn Tortillas, Super Size, 10 Count",Tortillas & Wraps,9.76,$9.76,22.6 ¢/oz
"(2 pack) Mission Flour Chalupas, 4 Count",Tortillas & Wraps,4.96,$4.96,28.5 ¢/oz
"Rio Rancho Tostada Bowls Gluten Free Restaurant-Style Multigrain Corn Bowls, 4 Count, Box",Tortillas & Wraps,6.27,$6.27,$1.25/oz
"Mission Ready-To-Cook Roti, 10 Count",Packaged Meals,3.23,$3.23,21.5 ¢/oz
"(3 pack) La Banderita Crunchy Corn Tostadas, 12.4 oz",Tortillas & Wraps,8.31,$8.31,22.3 ¢/oz
"Guerrero Tostadas Norteas Clasicas, 30 Count",Tortillas & Wraps,2.58,$2.58,20.8 ¢/oz
"Charras Original Corn Tostadas Amarilla, Gluten-Free Yellow, 11.46oz",Tortillas & Wraps,2.58,$2.58,22.5 ¢/oz
"Guerrero Tostadas Raspadas, 20 Count",Tortillas & Wraps,3.17,$3.17,40.9 ¢/ea
"(4 pack) Guerrero Tostadas Norteas Clasicas, 30 Count",Tortillas & Wraps,10.32,$10.32,20.8 ¢/oz
"(3 pack) Charras Original Corn Tostadas Amarilla, Gluten-Free Yellow, 11.46oz",Tortillas & Wraps,7.74,$7.74,22.5 ¢/oz
"(3 pack) Guerrero Tostadas Caseras Amarillas, 22 Count",Tortillas & Wraps,8.01,$8.01,20.9 ¢/oz
"(2 pack) Rio Rancho Tostada Bowls Gluten Free Restaurant-Style Multigrain Corn Bowls, 4 Count, Box",Tortillas & Wraps,12.54,$12.54,$1.25/oz
"Milo's Famous Sweet Iced Tea, 100% Natural, 128 fl oz",Bottled Tea Drinks,3.72,$3.72,2.9 ¢/fl oz
"Bigelow Lemon Ginger Plus Probiotics, Caffeine Free, Herbal Tea Bags, 18 Count",Tea Bags,2.48,$2.48,$13.78/100 ct
"Lipton Black Tea Bags, 100 Count",Tea Bags,5.17,$5.17,$5.17/100 ct
"Great Value Sweet Brewed Iced Tea, 128 fl oz",Bottled Tea Drinks,3.27,$3.27,2.6 ¢/fl oz
"Yogi Tea Elderberry Lemon Balm Immune Plus Stress, Herbal Tea Bags, 16 Count",Tea Bags,4.68,$4.68,$29.25/100 ct
"Yogi Tea Sweet Tangerine Positive Energy, Organic Black Tea Bags, 16 Count",Tea Bags,4.68,$4.68,$29.25/100 ct
"Yogi Tea Cinnamon Horchata Stress + Sleep, Caffeine-Free Herbal Tea Bags, 16 Count",Tea Bags,4.68,$4.68,$29.25/100 ct
"Bigelow Whispering Wildflowers Plus L-Theanine, Caffeine-Free Herbal Tea Bags, 18 Count",Tea Bags,3.68,$3.68,$20.44/100 ct
"Bigelow, Assorted Herbal Caffeine Free Tea Bags, 18 Count",Tea Bags,2.48,$2.48,$13.78/100 ct
"Yogi Tea, Vanilla Spice Perfect Energy Tea, Tea Bags, 16 Ct, 1.12 OZ",Tea Bags,4.46,$4.46,$27.88/100 ct
"Yogi Tea Lemon Ginger, Caffeine-Free Organic Herbal Tea Bags, 16 Count",Tea Bags,4.68,$4.68,$29.25/100 ct
"Milo's Extra Sweet Iced Tea Gallons, Fresh Brewed Refrigerated Tea 128 fl oz",Bottled Tea Drinks,4.26,$4.26,3.3 ¢/fl oz
Milo's Zero Sugar Sweet Tea,Bottled Tea Drinks,3.72,$3.72,2.9 ¢/fl oz
"Great Value Organic Cleanse Tea Bags, 1.13 oz, 16 Count",Tea Bags,3.82,$3.82,$23.88/100 ct
"Celestial Seasonings Herbal Tea Sampler, Caffeine-Free Herbal Tea Bags (18 Count)",Tea Bags,3.12,$3.12,$17.33/100 ct
"Arizona Green Tea with Ginseng and Honey, 11.5 Fl Oz Cans (12-Pack)",Bottled Tea Drinks,5.16,$5.16,3.7 ¢/fl oz
"Great Value Iced Tea Bags Family Size, 24 Count, 6 oz",Tea Bags,2.27,$2.27,$9.46/100 ct
"TAZO Green Tea Matcha Latte Concentrate, Sweetened with Notes of Honeydew Melon & Tropical Fruit, 32oz Carton",Tea Concentrates,6,$6.00,18.8 ¢/fl oz
"Celestial Seasonings Fruit Tea Sampler, Caffeine-Free Herbal Tea Bags (18 Count)",Tea Bags,3.12,$3.12,$17.33/100 ct
Milo's Zero Sugar Sweet Tea®,Bottled Tea Drinks,3.72,$3.72,2.9 ¢/fl oz
"Yogi Tea Honey Chai Turmeric Vitality, Organic Herbal Tea Bags, 16 Count",Tea Bags,4.46,$4.46,$27.88/100 ct
"Bigelow English Teatime, Black Tea, Tea Bags, 20 Ct",Tea Bags,2.48,$2.48,$12.40/100 ct
"Great Value Unsweet Brewed Iced Tea, 128 fl oz Bottle",Bottled Tea Drinks,3.27,$3.27,2.6 ¢/fl oz
"Gold Peak Sweetened Black Tea Bottle, 76 fl oz",Bottled Tea Drinks,3.86,$3.86,5.1 ¢/fl oz
"Lipton Lemon Green Tea Bags, 20 Count",Tea Bags,3.92,$3.92,$19.60/100 ct
"Milo's 100% Natural Famous Unsweet Iced Tea, 128 fl oz Jug",Bottled Tea Drinks,3.72,$3.72,2.9 ¢/fl oz
"Great Value Black Tea Bags, 8 oz",Tea Bags,2.18,$2.18,$2.18/100 ct
Milo's Extra Sweet Iced Tea 20 fl oz single serve,Bottled Tea Drinks,1.68,$1.68,8.4 ¢/fl oz
"Yogi Tea Throat Comfort, Caffeine-Free Organic Herbal Tea Bags, 16 Count",Tea Bags,4.46,$4.46,$27.88/100 ct
"Bigelow Vanilla Chai, Black Tea Bags, 20 Count",Tea Bags,2.48,$2.48,$12.40/100 ct
"AriZona Green Tea with Ginseng and Honey, 128 fl oz",Bottled Tea Drinks,2.94,$2.94,2.3 ¢/fl oz
"Lipton Peach Iced Tea, Bottled Tea Drink, 16.9 oz, 12 Pack",Bottled Tea Drinks,7.14,$7.14,3.5 ¢/fl oz
"Luzianne Black Iced Tea Bags, 24 Count",Tea Bags,2.58,$2.58,$10.75/100 ct
"Gold Peak Iced Tea, Sweet Tea, 16.9 fl oz Bottles, 6 Pack",Bottled Tea Drinks,7.97,$7.97,7.9 ¢/fl oz
"AriZona Southern Style Real Brewed Sweet Tea, 128 fl oz",Bottled Tea Drinks,2.94,$2.94,2.3 ¢/fl oz
"Lipton Brisk Lemon Iced Tea, 12 fl oz, 24 Pack Cans",Bottled Tea Drinks,11.98,$11.98,4.2 ¢/fl oz
"Luzianne Black Iced Tea Bags, 48 Count",Tea Bags,5,$5.00,$10.42/100 ct
"Pure Leaf Sweet Tea Iced Tea, Bottled Tea Drink, 16.9 fl oz, 6 Pack Bottles",Bottled Tea Drinks,7.98,$7.98,7.9 ¢/fl oz
"AriZona Sun Brewed Style Iced Tea with Lemon Flavor, 128 fl oz",Bottled Tea Drinks,2.94,$2.94,2.3 ¢/fl oz
"Lipton Iced Green Tea, Citrus Bottled Tea Drink, 16.9 oz, 12 Bottles",Bottled Tea Drinks,7.14,$7.14,3.5 ¢/fl oz
"(12 Cans) Arizona Arnold Palmer Lite Half & Half Iced Tea Lemonade, 11.5 fl oz",Bottled Tea Drinks,5.16,$5.16,3.7 ¢/fl oz
"Gold Peak Unsweetened Black Iced Tea Drink, 76 fl oz bottle",Bottled Tea Drinks,3.86,$3.86,5.1 ¢/fl oz
"Great Value Diet Sugar-Free Sweet Brewed Iced Tea, 128 fl oz",Bottled Tea Drinks,3.27,$3.27,2.6 ¢/fl oz
"Great Value, Iced Black Tea Gallon Sized, Tea Bags, 24 Ct",Tea Bags,5.88,$5.88,$24.50/100 ct
"Gold Peak Iced Tea, Sweet Tea, 16.9 fl oz Bottles, 12 Pack",Bottled Tea Drinks,14.17,$14.17,7.0 ¢/fl oz
"Great Value Iced Tea Bags, Family Size, 12 oz, 48 Ct",Tea Bags,4.17,$4.17,$8.69/100 ct
"Lipton Brisk Lemon Iced Tea, 12 fl oz, 12 Pack Cans",Bottled Tea Drinks,8.27,$8.27,5.7 ¢/fl oz
"Santo Remedio Te De Jamaica Hibiscus Tea, Antioxidant Tea Bags, 24 Count, 0.85 oz.",Tea Bags,4.12,$4.12,$4.85/oz
"Bigelow Lavender Chamomile Plus Probiotics, Caffeine Free, Herbal Tea Bags, 18 Count",Tea Bags,3.52,$3.52,$19.56/100 ct
"Twinings of London Variety Pack Black Tea Bags , 20 Ct., 1.41 oz.",Tea Bags,4.17,$4.17,$20.85/100 ct
Arizona Arnold Palmer Gallon,Bottled Tea Drinks,2.94,$2.94,2.3 ¢/fl oz
"Lipton Pure Leaf Unsweetened Real Brewed Black Iced Tea, 16.9 fl oz, 6 Pack Bottles",Bottled Tea Drinks,7.98,$7.98,7.9 ¢/fl oz
"Milos Famous Sweet Iced Tea, 100% Natural, 20 fl oz Bottle",Bottled Tea Drinks,1.68,$1.68,8.4 ¢/fl oz
"Bigelow Butterfly Pea Flower Sapphire Bay, Herbal Tea, Tea Bags, 18 Count",Tea Bags,5.23,$5.23,$29.06/100 ct
"Lipton Pure Leaf Real Brewed Sweet Iced Tea, 16.9 fl oz, 12 Pack Bottles",Bottled Tea Drinks,13.98,$13.98,6.9 ¢/fl oz
"Milo's Sweet Iced Tea and Lemonade, Half and Half, 100% Natural, 128 fl oz",Bottled Tea Drinks,4.47,$4.47,3.5 ¢/fl oz
"Gold Peak Iced Tea, Sweet Tea, 59 fl oz Bottle",Bottled Tea Drinks,3.22,$3.22,5.5 ¢/fl oz
"Gold Peak Iced Tea, Zero Sugar Sweet Tea, 16.9 fl oz Bottles, 6 Pack",Bottled Tea Drinks,7.97,$7.97,7.9 ¢/fl oz
"Yogi Tea Sweet Ginger Citrus Turmeric Vitality, Herbal Tea Bags, 16 Count",Tea Bags,4.68,$4.68,$29.25/100 ct
"AriZona Diet Green Tea with Ginseng, 128 fl oz",Bottled Tea Drinks,2.48,$2.48,1.9 ¢/fl oz
Celestial Seasonings Fireside Vanilla Spice Caffeine-Free Herbal Tea Bags (20 Count),Tea Bags,3.28,$3.28,$16.40/100 ct
"Great Value Chamomile Herbal Tea, Tea Bags, 40 Ct",Tea Bags,4.12,$4.12,$10.30/100 ct
"Bigelow Ginger Peach Tumeric, Caffeine Free, Herbal Tea Bags, 18 Count",Tea Bags,3.52,$3.52,$19.56/100 ct
"Gold Peak Zero Sugar Diet Iced Tea Drink, 76 fl oz bottle",Bottled Tea Drinks,3.86,$3.86,5.1 ¢/fl oz
"Bigelow Butterfly Pea Flower Vanilla Midnight, Herbal Tea, Tea Bags, 18 Count",Tea Bags,5.23,$5.23,$29.06/100 ct
"AriZona Sun Brewed Style with Raspberry Flavor Iced Tea, 128 fl oz",Bottled Tea Drinks,2.94,$2.94,2.3 ¢/fl oz
"Pure Leaf Iced Tea, Sweet Tea, 64 Fl Oz, 1 Count",Bottled Tea Drinks,3.38,$3.38,5.3 ¢/fl oz
Celestial Seasonings Cinnamon Apple Spice Caffeine-Free Herbal Tea Bags (20 Count),Tea Bags,2.47,$2.47,$12.35/100 ct
"Luzianne Black Iced Gallon Tea Bags, 24 Count",Tea Bags,7.78,$7.78,$32.42/100 ct
"Pure Leaf Lemon Black Iced Tea, Bottled Tea Drink, 16.9 fl oz, 6 Pack",Bottled Tea Drinks,7.98,$7.98,7.9 ¢/fl oz
Celestial Seasonings Raspberry Zinger Herbal Tea,Tea Bags,3.58,$3.58,$17.90/100 ct
"Bigelow Earl Grey, Black Tea Bags, 20 Count",Tea Bags,3.68,$3.68,$18.40/100 ct
"Great Value Green Tea Bags, 2.5 oz, 40 Count",Tea Bags,2.78,$2.78,$6.95/100 ct
"Yogi Tea DeTox, Caffeine-Free Organic Herbal Tea Bags, 16 Count",Tea Bags,4.68,$4.68,$29.25/100 ct
"Great Value Cinnamon Apple Herbal Tea Bags, 1.76 oz, 20 Count",Tea Bags,2.72,$2.72,$13.60/100 ct
Celestial Seasonings Sleepytime Extra Wellness Herbal Tea Bags (20 Count),Tea Bags,5.12,$5.12,$25.60/100 ct
"Yogi Tea Honey Lavender Stress Relief, Organic Herbal Tea Bags, 16 Count",Tea Bags,4.68,$4.68,$29.25/100 ct
"Lipton Pure Leaf Unsweetened Real Brewed Black Iced Tea, 16.9 fl oz, 12 Pack Bottles",Bottled Tea Drinks,13.98,$13.98,6.9 ¢/fl oz
"Harney & Sons Cherry Blossom, Green Tea with Cherry Flavor, 1.4 oz, 20 Count",Tea Bags,5.36,$5.36,$26.80/100 ct
Celestial Seasonings Peppermint Caffeine-Free Herbal Tea Bags (20 Count),Tea Bags,3.58,$3.58,$17.90/100 ct
"Traditional Medicinals, Organic Roasted Dandelion Root, Tea Bags, 16 Count",Tea Bags,6.17,$6.17,$38.56/100 ct
"Great Value, Peppermint Herbal Tea, Tea Bags, 40 Ct",Tea Bags,4.12,$4.12,$10.30/100 ct
Celestial Seasonings Country Peach Passion Caffeine-Free Herbal Tea Bags (20 Count),Tea Bags,3.58,$3.58,$17.90/100 ct
"Arizona Green Tea with Ginseng & Honey, 22 fl oz",Bottled Tea Drinks,0.88,$0.88,4.0 ¢/fl oz
"Yogi Tea, Sweet Lemon Everyday Immune, 16 Herbal Tea Bags, Caffeine Free",Tea Bags,4.68,$4.68,$29.25/100 ct
"Brisk Iced Tea, Lemon, 2 Liter Bottle",Bottled Tea Drinks,2,$2.00,3.0 ¢/fl oz
"Gold Peak Iced Tea, Unsweetened Tea, 16.9 fl oz Bottles, 6 Pack",Bottled Tea Drinks,7.97,$7.97,7.9 ¢/fl oz
"Bigelow Green Tea with Elderberry, Plus Vitamin C, Tea Bags, 18 Count",Tea Bags,3.52,$3.52,$19.56/100 ct
"Luzianne Iced Sweet Tea Bags, 22 Count",Tea Bags,2.58,$2.58,$11.73/100 ct
"Pure Leaf Raspberry Real Brewed Iced Tea, Bottled Tea Drink, 16.9 oz, 6 Bottles",Bottled Tea Drinks,7.98,$7.98,7.9 ¢/fl oz
"Great Value Cinnamon Bun Herbal Tea Bags, 1.41 oz, 20 Count",Tea Bags,2.58,$2.58,$1.83/oz
"Bigelow Green Tea with Ginger Plus Probiotics Green Tea Bags, 18 Count",Tea Bags,2.48,$2.48,$13.78/100 ct
"Lipton Pure Leaf Unsweetened Real Brewed Iced Tea, 64 fl oz Bottle",Bottled Tea Drinks,3.38,$3.38,5.3 ¢/fl oz
"Great Value Decaffeinated Iced Tea, Tea Bags, 24 Count",Tea Bags,3.48,$3.48,$14.50/100 ct
"Great Value Pomegranate Blueberry Herbal Tea, 1.41 oz, 20 Count",Tea Bags,2.72,$2.72,$13.60/100 ct
"Yogi Tea Breathe Deep, Caffeine-Free Organic Herbal Tea Bags, 16 Count",Tea Bags,4.68,$4.68,$29.25/100 ct
"Yogi Tea Sweet Strawberry Digestive Support, Organic Herbal Tea Bags, 16 Count",Tea Bags,4.68,$4.68,$29.25/100 ct
"Bigelow Chamomile Vanilla and Honey, Caffeine Free, Herbal Tea Bags, 20 Count",Tea Bags,3.52,$3.52,$17.60/100 ct
"Great Value Strawberry Hibiscus Herbal Tea, 1.41 oz, 20 Ct",Tea Bags,2.72,$2.72,$13.60/100 ct
"Lipton Zero Sugar Peach Iced Tea, 16.9 fl oz, 12 pack Bottles",Bottled Tea Drinks,7.14,$7.14,3.5 ¢/fl oz
"Bigelow Blackberry Citrus Plus Zinc, Caffeine-Free Herbal Tea Bags, 18 Count",Tea Bags,3.68,$3.68,$20.44/100 ct
"Lipton Brisk Iced Tea, Lemon, 16.9 Fl Oz, 6 Count",Bottled Tea Drinks,5.28,$5.28,5.2 ¢/fl oz
"Bigelow I Love Lemon with Vitamin C Herbal Tea, 20 Count, 1.53 oz",Tea Bags,3.52,$3.52,$14.67/100 ct
"Harney & Sons Black Tea Bags, Hot Cinnamon Sunset, 20 Ct",Tea Bags,5.63,$5.63,$28.15/100 ct
"Lipton Green Tea Mixed Berry Zero Sugar Iced Tea, 16.9 fl oz, 12 Pack Bottles",Bottled Tea Drinks,7.14,$7.14,3.5 ¢/fl oz
"Twinings Earl Grey Citrus and Bergamot Black Tea Bags, 50 Count Box",Tea Bags,8.37,$8.37,$16.74/100 ct
"Yogi Tea Green Tea Blueberry Slim Life, Organic Green Tea Bags, 16 Count",Tea Bags,4.46,$4.46,$27.88/100 ct
"Harney & Sons, Vanilla Comoro, Decaffeinated Black Tea with Vanilla, 1.4 oz, 20 Count",Tea Bags,5.63,$5.63,$28.15/100 ct
Celestial Seasonings Bengal Spice Herbal Tea Bags (20 Count),Tea Bags,3.12,$3.12,$15.60/100 ct
"Yogi Tea Cozy Cardamom Immune Plus Sleep, Herbal Tea Bags, 16 Count",Tea Bags,4.68,$4.68,$4.18/oz
"Great Value Decaffeinated Iced Tea, Tea Bags, 48 Ct",Tea Bags,6.68,$6.68,$13.92/100 ct
Celestial Seasonings Caffeine-Free Lemon Honey Drop Herbal Tea Bags (16 Count),Tea Bags,3.58,$3.58,$22.38/100 ct
"Arizona Real Brewed Southern Style Sweet Tea, 22 Fl. oz.",Bottled Tea Drinks,0.88,$0.88,4.0 ¢/fl oz
"Twinings Chai Spiced Black Tea Bags, 20 Count Box",Tea Bags,4.17,$4.17,$20.85/100 ct
"Bigelow Peppermint, Caffeine Free, Herbal Tea Bags, 20 Count",Tea Bags,3.52,$3.52,$17.60/100 ct
"Bigelow Peak Energy Plus Extra L-Theanine & Caffeine, Black Tea Bags, 18 Count",Tea Bags,3.68,$3.68,$20.44/100 ct
"Good Earth, Sweet & Spicy, Herbal Black Tea, Tea Bags, 18 Count",Tea Bags,3.63,$3.63,$20.17/100 ct
"Yogi Spiced Blackberry Focus, Organic Black Tea Bags, 16 Count",Tea Bags,4.46,$4.46,$27.88/100 ct
"Traditional Medicinals, Organic Throat Coat Lemon Echinacea, Tea Bags, 16 Ct",Tea Bags,6.17,$6.17,$38.56/100 ct
"Bigelow Perfect Peach, Caffeine Free, Herbal Tea Bags, 20 Count",Tea Bags,2.48,$2.48,$12.40/100 ct
"Luzianne Decaffeinated Black Iced Tea Bags, 48 Count",Tea Bags,8.78,$8.78,$18.29/100 ct
Celestial Seasonings Sleepytime Caffeine-Free Herbal Tea Bags (40 Count),Tea Bags,5.38,$5.38,$13.45/100 ct
"Bigelow Cozy Chamomile Herbal Tea Bags, 20 Count",Tea Bags,2.48,$2.48,$12.40/100 ct
"VAHDAM, Organic Turmeric Tea Variety Pack, 20 Count, Assorted Herbal Tea Sampler",Tea Bags,5,$5.00,$25.00/100 ct
"Twinings Chai French Vanilla Black Tea Bags, 20 Count Box",Tea Bags,4.17,$4.17,$20.85/100 ct
Red Rose Original Full Flavored Black Tea Specially Blended Strong Black Tea with 100 Tea Bags Per Box (Pack of 2) Contains Caffeine Brew Hot/Cold Original Black Tea,Tea Bags,4.13,$4.13,$4.13/100 ct
"Traditional Medicinals Organic Chamomile and Lavender Herbal Tea Bags, 16 Count",Tea Bags,6.17,$6.17,$38.56/100 ct
"Snapple Natural Peach, Bottled Tea Drink, 16 fl oz, 6 Bottles",Bottled Tea Drinks,6.12,$6.12,6.4 ¢/fl oz
"Yogi Tea, Blueberry Sage Stress Relief, Caffeine-Free Herbal Tea Bags, 16 Count",Tea Bags,4.68,$4.68,$29.25/100 ct
"Great Value Decaffeinated Green Tea, Tea Bags, 1.9 oz, 40 Count",Tea Bags,2.78,$2.78,$6.95/100 ct
"Great Value Decaffeinated Black Tea Bags, 3.1 oz, 48 Count",Tea Bags,2.12,$2.12,$4.42/100 ct
"Bigelow Ginger Honey Plus Zinc, Caffeine Free, Herbal Tea Bags, 18 Count",Tea Bags,3.68,$3.68,$20.44/100 ct
"Bigelow Green Tea Classic, Tea Bags, 20 Count",Tea Bags,2.48,$2.48,$12.40/100 ct
Celestial Seasonings Tangerine Orange Zinger Herbal Tea Bags (20 Count),Tea Bags,3.58,$3.58,$17.90/100 ct
"Harney & Sons Peppermint Herbal Tea, Caffeine Free, 20 Count Tin, Peppermint Herbal",Tea Bags,5.63,$5.63,$28.15/100 ct
"Traditional Medicinal Chamomile, Herbal Tea Bags, 16 Count",Tea Bags,5.58,$5.58,$34.88/100 ct
"FGO Spearmint Tea, Organic, Eco-Conscious Tea Bags (20 Count)",Tea Bags,5.63,$5.63,$28.15/100 ct
"Bigelow Orange & Spice, Herbal Tea, Tea Bags, 20 Ct",Tea Bags,3.52,$3.52,$17.60/100 ct
Milo's Zero Sugar Sweet Tea - 20 fl oz,Bottled Tea Drinks,1.68,$1.68,8.4 ¢/fl oz
"Traditional Medicinals Triple Mint, Tea Bags, 16 Ct",Tea Bags,6.17,$6.17,$38.56/100 ct
"Tetley Classic Blend Rich Black Tea Bags, 100 Count",Tea Bags,3.64,$3.64,$3.64/100 ct
"Traditional Medicinals Tea, Organic Peppermint, Tea Bags, 16 Count",Tea Bags,6.17,$6.17,$38.56/100 ct
"Traditional Medicinals Organic Everyday Detox Lemon Herbal Tea Bags, 16 Ct",Tea Bags,6.17,$6.17,$38.56/100 ct
"Snapple Zero Sugar Peach, Bottled Tea Drink, 16 fl oz, 6 Bottles",Bottled Tea Drinks,6.12,$6.12,6.4 ¢/fl oz
Celestial Seasonings Wild Berry Zinger Caffeine-Free Herbal Tea Bags (20 Count),Tea Bags,3.12,$3.12,$15.60/100 ct
Celestial Seasonings Tension Tamer Caffeine-Free Herbal Tea Bags (20 Count),Tea Bags,3.58,$3.58,17.9 ¢/count
"Great Value Peppermint Bark Flavored Herbal Tea, 1.41 oz, 20 Count",Tea Bags,2.58,$2.58,$12.90/100 ct
"Lipton Iced Southern Sweet Tea, Gallon Size Tea Bags, Black Tea, 22 Count",Tea Bags,9.42,$9.42,$42.82/100 ct
"Great Value Orange Spice Herbal Tea Bags, 1.41 oz, 20 Count",Tea Bags,2.72,$2.72,$13.60/100 ct
"Santo Remedio Caffeine-Free Passionflower Herbal Tea Bag, 24 Count, 0.85 oz., Blue Box",Tea Bags,3.88,$3.88,$4.57/oz
Celestial Seasonings Wellness She-Well Raspberry Leaf Herbal Tea Bags (16 Count),Tea Bags,4.68,$4.68,$29.25/100 ct
Lipton Fusions Iced Tea Pineapple Mango Lemonade 16 fl oz Can,Bottled Tea Drinks,1.18,$1.18,7.4 ¢/fl oz
Brisk Iced Tea Blueberry Pomegranate 1 Liter Bottle,Bottled Tea Drinks,1.28,$1.28,3.8 ¢/fl oz
"Yogi Tea Green Tea Super Antioxidant, Organic Green Tea Bags, 16 Count",Tea Bags,4.46,$4.46,$27.88/100 ct
"Yogi Tea Roasted Dandelion Spice DeTox, Organic Herbal Tea Bags, 16 Count",Tea Bags,4.46,$4.46,$27.88/100 ct
Celestial Seasonings Sleepytime Wellness Melatonin Herbal Tea Bags (18 Count),Tea Bags,4.48,$4.48,$24.89/100 ct
Traditional Medicinals Organic Nighty Night Extra Valerian Root Herbal Tea Bags,Tea Bags,6.17,$6.17,$38.56/100 ct
"Bigelow Green Tea with Lemon, Tea Bags, 20 Count",Tea Bags,2.48,$2.48,$12.40/100 ct
"Traditional Medicinals, Organic Turmeric with Meadowsweet & Ginger Herbal Tea Bags, 16 Count",Tea Bags,3.98,$3.98,$24.88/100 ct
Celestial Seasonings Sleepytime Wellness Echinacea Immune Support Herbal Tea Bags (20 Count),Tea Bags,5.12,$5.12,$25.60/100 ct
Celestial Seasonings Chamomile Caffeine-Free Herbal Tea Bags (20 Count),Tea Bags,3.58,$3.58,$17.90/100 ct
"Bolthouse Farms Perfectly Protein Vanilla Chai Tea Drink, 52 fl. oz. Bottle",Bottled Tea Drinks,7.48,$7.48,14.4 ¢/fl oz
"Lipton Unsweetened Black Tea Bags, Family Size, 24 Count",Tea Bags,3.32,$3.32,$13.83/100 ct
"Rico Bubble Milk Tea Drink Brown Sugar Flavor, 12.3 oz Can",Bottled Tea Drinks,1.64,$1.64,13.3 ¢/oz
Pomegranate & Raspberry,Tea Bags,4.17,$4.17,$20.85/100 ct
"Great Value Gallon Sized Decaffeinated Iced Tea Bags, 24 oz, 24 Count",Tea Bags,8.14,$8.14,$33.92/100 ct
"Bigelow Herbal Tea, Mint Medley, Tea Bags, 20 Ct",Tea Bags,2.48,$2.48,$12.40/100 ct
Celestial Seasonings Sleepytime Wellness Sinus Soother Herbal Tea Bags (20 Count),Tea Bags,4.48,$4.48,$22.40/100 ct
"AriZona Diet Blueberry Green Tea, 128 fl oz",Bottled Tea Drinks,2.97,$2.97,2.3 ¢/fl oz
"Bigelow Golden Turmeric Honey, Caffeine Free Herbal Tea Bags, 18 Count",Tea Bags,3.68,$3.68,$20.44/100 ct
"Lipton Green Tea Citrus Zero Sugar Iced Tea, 16.9 fl oz, 12 pack Bottles",Bottled Tea Drinks,7.14,$7.14,3.5 ¢/fl oz
"Lipton Cold Brew Black Tea Bags, Family Size, 22 Count",Tea Bags,4.33,$4.33,$19.68/100 ct
"Great Value Cold Brew Black Iced Tea Bags, 22 Count",Tea Bags,3.28,$3.28,$14.91/100 ct
"Bigelow Constant Comment, Black Tea Bags, 20 Count",Tea Bags,3.68,$3.68,$18.40/100 ct
"Yogi Tea Mango Ginger, Caffeine-Free Organic Herbal Tea Bags, 16 Count",Tea Bags,4.46,$4.46,$27.88/100 ct
"Yogi Tea, Green Tea Kombucha Tea, Tea Bags, 16 Ct, 1.12 OZ",Tea Bags,4.68,$4.68,$29.25/100 ct
Celestial Seasonings Sleepytime Caffeine-Free Herbal Tea Bags (20 Count),Tea Bags,3.58,$3.58,$17.90/100 ct
"bettergoods Jasmine Green Tea Bags, 1.41 oz, 20 Pyramid Sachets",Tea Bags,4.37,$4.37,$21.85/100 ct
"Great Value Earl Grey Black Tea, 2.54 oz, 40 Count",Tea Bags,4.12,$4.12,$10.30/100 ct
"Good Earth Herbal & Black Tea, Sweet & Spicy, Caffeine Free, Tea Bags, 18 Ct",Tea Bags,3.63,$3.63,$20.17/100 ct
"Harney & Sons Peaches & Ginger, Black Tea with Peach and Ginger, 1.4 oz, 20 Count tin.",Tea Bags,6.54,$6.54,$32.70/100 ct
"Taylors of Harrogate English Breakfast, 20 Count(Pack of 1)",Tea Bags,3.88,$3.88,$19.40/100 ct
"Lipton Iced Black Tea, Gallon Size Tea Bags, 24 Count",Tea Bags,9.42,$9.42,$39.25/100 ct
"Luzianne Decaffeinated Black Iced Tea Bags, 24 Count",Tea Bags,4.68,$4.68,$19.50/100 ct
Celestial Seasonings Lemon Zinger Caffeine-Free Herbal Tea Bags (20 Count),Tea Bags,3.12,$3.12,$15.60/100 ct
"Yogi Tea Kava Stress Relief, Caffeine-Free Herbal Tea Bags, 16 Count",Tea Bags,4.68,$4.68,$29.25/100 ct
"Great Value Chocolate Chai Herbal Tea Bags, 1.55 oz, 20 Count",Tea Bags,2.58,$2.58,$1.67/oz
"Traditional Medicinals Tea, Breathe Easy, Tea Bags, 16 Count",Tea Bags,6.17,$6.17,$38.56/100 ct
"Traditional Medicinal Nettle Leaf, Organic Tea Bags, 16 Count",Tea Bags,6.17,$6.17,$38.56/100 ct
"Harney & Sons Chocolate Mint Black Tea with Chocolate and Peppermint, 1.4 oz, 20 Count",Tea Bags,5.63,$5.63,28.2 ¢/oz
"Traditional Medicinal Immune Zoom Elderberry Echinacea, Organic Tea Bags, 16 Count",Tea Bags,6.17,$6.17,$38.56/100 ct
"VAHDAM, Organic Turmeric Ashwagandha Herbal Tea Bags (18 Count) Caffeine Free, Eco-Friendly Tea Bags",Tea Bags,5,$5.00,$27.78/100 ct
"Numi Organic Caffeine Free Moroccan Mint Herbal Tea, 18 Count Microplastic Free Tea Bags",Tea Bags,6.28,$6.28,$34.89/100 ct
"Harney & Sons Earl Grey, 20 count",Tea Bags,5.63,$5.63,$28.15/100 ct
"Bigelow Matcha Green Tea with Turmeric, Green Tea Bags, 18 Count",Tea Bags,3.52,$3.52,$19.56/100 ct
"Herbacil Arnica Herbal Tea Bags, All Natural, Caffeine Free, Net Content 25 Count, 0.88 Box",Tea Bags,3.38,$3.38,$13.52/100 ct
"FGO Elderberry Tea, Organic, Eco-Conscious Tea Bags (20 Count)",Tea Bags,5.63,$5.63,$28.15/100 ct
"Traditional Medicinals, Organic Smooth Move Tea Bags, Peppermint, 16 Count",Tea Bags,6.17,$6.17,$38.56/100 ct
"Traditional Medicinals, Organic Echinacea Elder 16 Tea Bags",Tea Bags,6.17,$6.17,$38.56/100 ct
"Numi Organic Caffeine Free Rooibos Herbal Tea, 18 Count Microplastic Free Tea Bags",Tea Bags,5.96,$5.96,$33.11/100 ct
"Great Value Vanilla Chai Black Tea, 1.59 oz, 20 Count",Tea Bags,2.72,$2.72,$13.60/100 ct
"FGO Raspberry  Tea, Organic, Eco-Conscious Tea Bags (20 Count)",Tea Bags,5.63,$5.63,$28.15/100 ct
"Bigelow Green Tea Classic,Tea Bags, 40 Count",Tea Bags,3.58,$3.58,$8.95/100 ct
Celestial Seasonings Wellness Good Vibes Lemon Mint Herbal Tea Bags (16 Count),Tea Bags,4.68,$4.68,$29.25/100 ct
Celestial Seasonings Ginger Probiotics Caffeine-Free Herbal Tea Bags (16 Count),Tea Bags,3.12,$3.12,$19.50/100 ct
"Yogi Mandarin Mint Mindfulness, Organic Herbal Tea Bags, 16 Count",Tea Bags,4.46,$4.46,$27.88/100 ct
"Bolthouse Farms Perfectly Protein Vanilla Chai Tea Drink, 15.2oz",Bottled Tea Drinks,3.64,$3.64,23.9 ¢/fl oz
"Bigelow Decaffeinated, Green Tea Bags, 20 Count",Tea Bags,2.48,$2.48,$12.40/100 ct
"Yogi Tea Ginger, Caffeine-Free Organic Herbal Tea Bags, 16 Count",Tea Bags,4.68,$4.68,$29.25/100 ct
Celestial Seasonings Wellness Detox Blend Dandelion Herbal Tea Bags (16 Count),Tea Bags,5.12,$5.12,$32.00/100 ct
"Bigelow Constant Comment, Black Tea Bags, 40 Count",Tea Bags,6.12,$6.12,$15.30/100 ct
Celestial Seasonings Jammin' Lemon Ginger Caffeine-Free Herbal Tea Bags (20 Count),Tea Bags,3.58,$3.58,$17.90/100 ct
"Bigelow Earl Grey, Decaffeinated, Black Tea Bags, 20 Count",Tea Bags,3.68,$3.68,$18.40/100 ct
"bettergoods Darjeeling Black Tea Bags, 1.41 oz, 20 Pyramid Sachets",Tea Bags,4.58,$4.58,$22.90/100 ct
"Traditional Medicinals, Organic Lemon Balm, Tea Bags, 16 Ct",Tea Bags,6.17,$6.17,$38.56/100 ct
"Traditional Medicinals Organic Smooth Move Senna Laxative Herbal Tea Bags, 16 Count",Tea Bags,6.17,$6.17,$38.56/100 ct
"Traditional Medicinals Spearmint Herbal Tea Bags, Caffeine Free, 16 Count",Tea Bags,5.58,$5.58,$34.88/100 ct
Celestial Seasonings Sleepytime Extra Wellness Herbal Tea Bags (40 Count),Tea Bags,7.22,$7.22,$18.05/100 ct
"Milos Sweet Iced Tea and Lemonade, 100% Natural, 20 fl oz Bottle",Bottled Tea Drinks,1.68,$1.68,8.4 ¢/fl oz
"Health-Ade Passion Fruit-Tangerine Kombucha Tea, 16 fl oz",Bottled Tea Drinks,2.48,$2.48,15.5 ¢/fl oz
"Twinings English Breakfast Decaffeinated Pure Black Tea Bags, 20 Count Box",Tea Bags,4.17,$4.17,$20.85/100 ct
"Traditional Medicinals, Organic Green Tea Matcha with Toasted Rice, Tea Bags, 16 Ct",Tea Bags,5.58,$5.58,$34.88/100 ct
Bigelow Tea Oolong Tea 20 Bag(S),Tea Bags,3.68,$3.68,$18.40/100 ct
Organic Green Tea by Uncle Lee,Tea Bags,5.48,$5.48,$5.48/100 ct
"Traditional Medicinals Tea, Organic Rosy Mood, Tea Bags, 16 Count",Tea Bags,6.17,$6.17,$38.56/100 ct
"Bigelow Green Tea with Mint, Tea Bags, 20 Count",Tea Bags,3.52,$3.52,$17.60/100 ct
Bigelow Tea Decaffeinated Constant Comment Black Tea Bags - 20 Count,Tea Bags,3.68,$3.68,$18.40/100 ct
"Luzianne Cold Brew Iced Tea, 22 Count",Tea Bags,3.63,$3.63,$16.50/100 ct
Celestial Seasonings Sleepytime Wellness Biotin Beauty Rest Herbal Tea Bags (18 Count),Tea Bags,5.12,$5.12,$28.44/100 ct
"Bigelow Salted Caramel, Black Tea Bags, 18 Count",Tea Bags,3.68,$3.68,$20.44/100 ct
Rico Bubble Milk Tea Drink Taro,Bottled Tea Drinks,1.64,$1.64,13.3 ¢/fl oz
"Great Value Organic Herbal Tea Supplement, Ginger Turmeric, 1.28 oz, 16 Ct",Tea Bags,3.82,$3.82,$23.88/100 ct
"Pure Leaf Real Brewed Tea Sweet Tea, 18.5 fl oz.",Bottled Tea Drinks,2.18,$2.18,11.8 ¢/fl oz
"KeVita Master Brew Kombucha Tea, Pineapple Peach Flavor, Naturally Caffeinated, 15.2 oz Bottle",Bottled Tea Drinks,3.28,$3.28,21.6 ¢/fl oz
(2 pack) Organic Green Tea by Uncle Lee,Tea Bags,10.96,$10.96,$5.48/100 ct
"Traditional Medicinals Tea, Organic Stress Ease Calm, Tea Bags, 16 Count",Tea Bags,6.17,$6.17,$38.56/100 ct
"Traditional Medicinals Tea, Organic Throat Coat Eucalyptus, Tea Bags, 16 Count",Tea Bags,6.17,$6.17,$38.56/100 ct
Lipton Brisk Raspberry Iced Tea 1 Liter Bottle,Bottled Tea Drinks,1.28,$1.28,3.8 ¢/fl oz
Great Value Green Tea 12CT Kcups,Tea Pods,4.44,$4.44,$3.70/oz
"Bigelow Perfectly Mint, Black Tea Bags, 20 Count",Tea Bags,3.68,$3.68,$18.40/100 ct
"Joyba Strawberry Lemonade Green Tea Bubble Tea, 12 fl oz Cup (Pack of 4)",Bottled Tea Drinks,9.42,$9.42,19.6 ¢/fl oz
Celestial Seasonings Sleepytime Throat Tamer Wellness Tea,Tea Bags,5.12,$5.12,$25.60/100 ct
"Lipton Pure Leaf Extra Sweet Tea Iced Tea, Bottled Tea Drink, 18.5 fl oz, Bottle",Bottled Tea Drinks,2.18,$2.18,11.8 ¢/fl oz
"Numi Organic Caffeine Free Rooibos Chai Tea, 18 Count Microplastic Free Tea Bags",Tea Bags,6.26,$6.26,$34.78/100 ct
"Yogi Tea Soothing Relief Constipation Support, Laxative Tea Bags, 16 Count",Tea Bags,4.68,$4.68,$29.25/100 ct
"Traditional Medicinals, Organic Nighty Night, Tea Bags, 16 Count",Tea Bags,3.98,$3.98,$24.88/100 ct
"Traditional Medicinal Mother's Milk, Organic Tea Bags, 16 Count",Tea Bags,6.17,$6.17,$38.56/100 ct
"(4 pack) Harney & Sons Black Tea Bags, Hot Cinnamon Sunset, 20 Ct",Tea Bags,22.52,$22.52,$28.15/100 ct
"Traditional Medicinal Ginger, Organic Tea Bags, 16 Count",Tea Bags,6.17,$6.17,$38.56/100 ct
"Twisted Tea Original Hard Iced Tea, 12 pack, 12 fl oz Aluminum Cans, 5% ABV",Coolers & Flavored Alcoholic Beverages,15.97,$15.97,11.1 ¢/fl oz
"Traditional Medicinals, Organic Smooth Move, Tea Bags, 32 Count",Tea Bags,11.14,$11.14,$34.81/100 ct
"bettergoods Peach Tea Smash Mixer, 25.4 fl oz Glass Bottle, Liquid",Cocktail Mixers,9.87,$9.87,38.9 ¢/fl oz
"Lipton Black Tea Bags, Decaffeinated, 50 Count",Tea Bags,4.54,$4.54,$9.08/100 ct
"bettergoods Original Chai Loose Leaf Black Tea, 3.53 oz",Loose-Leaf Tea,5.18,$5.18,$1.47/oz
"TAZO Skinny Chai Latte, Black Tea Concentrate, Hot or Iced Tea, 32 oz Carton",Tea Concentrates,6,$6.00,18.8 ¢/fl oz
Rico Bubble Milk Tea Drink,Bottled Tea Drinks,1.64,$1.64,13.3 ¢/fl oz
"Lipton Signature Blend Green Tea Bags, Unsweetened Teabags for Hot or Iced Tea with Caffeine and Flavonoids, 40 Count",Tea Bags,4.96,$4.96,$12.40/100 ct
"Lipton Peach Green Tea Bags, 20 Count",Tea Bags,3.92,$3.92,$19.60/100 ct
"TAZO Strawberry Matcha Latte Concentrate, Sweetened Green Tea and Matcha Flavor, 32oz Carton",Tea Concentrates,6,$6.00,18.8 ¢/fl oz
"(3 pack) Herbacil Arnica Herbal Tea Bags, All Natural, Caffeine Free, Net Content 25 Count, 0.88 Box",Tea Bags,10.14,$10.14,$13.52/100 ct
"FGO Hibiscus Tea, Organic, Eco-Conscious Tea Bags (20 Count)",Tea Bags,5.63,$5.63,$28.15/100 ct
"Gold Peak Iced Tea, Sweet Tea, 18.5 fl oz Bottle",Bottled Tea Drinks,2.28,$2.28,12.3 ¢/fl oz
"Taylors of Harrogate Earl Grey Tea, 20 Tea Bags",Tea Bags,3.88,$3.88,$19.40/100 ct
"Lipton Unsweetened Black Tea Iced Tea Mix, 28 Quarts",Drink Mixes,5.92,$5.92,$2.28/oz
"Lipton Iced Black Tea, Family Size Tea Bags, 48 Count",Tea Bags,5.12,$5.12,$10.67/100 ct
"Numi Organic Jasmine Green Tea, 18 Count Microplastic Free Tea Bags",Tea Bags,6.28,$6.28,$34.89/100 ct
(4 pack) Celestial Seasonings Peppermint Caffeine-Free Herbal Tea Bags (20 Count),Tea Bags,9.92,$9.92,$12.40/100 ct
"Lipton Hard Iced Tea Lemon, 12 Pack, 12 fl oz Cans, 5% ABV",Bottled Tea Drinks,18.48,$18.48,12.8 ¢/fl oz
"Earth Mama Organic Raspberry Leaf Tea, Herbal Tea for Labor Prep and Menstrual Support, 16 Tea Bags",Herbal Supplements,6.28,$6.28,39.3 ¢/count
"Traditional Medicinal Lemon Ginger, Caffeine-Free Tea Bags, 16 Count",Tea Bags,6.17,$6.17,$38.56/100 ct
"Pure Leaf Real Brewed Unsweetened Black Tea Iced Tea, 18.5 fl oz",Bottled Tea Drinks,2.18,$2.18,11.8 ¢/fl oz
"Earth Mama Organic Milkmaid Lactation Tea, Herbal Tea for Breast Milk Production, 16 Tea Bags",Tea Bags,6.28,$6.28,$39.25/100 ct
"Lipton Green Tea Bags, Decaffeinated, 40 Count",Tea Bags,4.96,$4.96,$12.40/100 ct
"Voodoo Ranger Hardcharged Tea Variety Pack II 12 Pack, 12 fl oz Cans, 7% ABV",Bottled Tea Drinks,19.24,$19.24,13.4 ¢/fl oz
(4 pack) Celestial Seasonings Chamomile Caffeine-Free Herbal Tea Bags (20 Count),Tea Bags,14.32,$14.32,$17.90/100 ct
"TAZO Chocolate Chai Latte, Flavored Black Tea Concentrate, Easy to Serve Caf-Style Lattes, Caffeinated, Hot or Iced Chocolate Tea, 32oz  Carton",Tea Concentrates,6,$6.00,18.8 ¢/fl oz
(4 pack) Celestial Seasonings Raspberry Zinger Herbal Tea,Tea Bags,14.32,$14.32,$17.90/100 ct
"Lipton Hard Iced Tea Beverage Variety Pack, 12 Pack, 12 fl oz Cans, 5% ABV",Coolers & Flavored Alcoholic Beverages,18.48,$18.48,12.8 ¢/fl oz
"Yulu Foods Instant Boba Mango Peach Tea, Bubble Tea Kit, 3 Drinks",Powdered Tea,7.5,$7.50,94.5 ¢/oz
"FGO Turmeric Ginger Tea, Organic, Eco-Conscious Tea Bags (20 Count)",Tea Bags,5.63,$5.63,$28.15/100 ct
"Great Value English Breakfast Black Tea Single Serve Pods, 1.2 oz, 12 Count",Tea Pods,4.44,$4.44,$3.70/oz
Celestial Seasonings White Chocolate Peppermint White Tea Bags (20 Count),Tea Bags,3.58,$3.58,$17.90/100 ct
"Lipton Hard Iced Tea Citrus Green Tea, 12 Pack, 12 fl oz Cans, 5% ABV",Bottled Tea Drinks,18.47,$18.47,12.8 ¢/fl oz
"FGO Ashwagandha Tea, Organic, Eco-Conscious Tea Bags (20 Count)",Tea Bags,5.63,$5.63,$28.15/100 ct
(4 pack) Celestial Seasonings Cinnamon Apple Spice Caffeine-Free Herbal Tea Bags (20 Count),Tea Bags,9.88,$9.88,$12.35/100 ct
"(4 pack) AriZona Green Tea with Ginseng and Honey, 128 fl oz",Bottled Tea Drinks,11.76,$11.76,2.3 ¢/fl oz
"Lipton Pure Leaf Tea Raspberry Real Brewed Iced Tea, 18.5 fl oz Bottle",Bottled Tea Drinks,2.18,$2.18,11.8 ¢/fl oz
"Celestial Seasonings Sleepytime Caffeine-Free Keurig K-Cup Herbal Tea Pods, 12 Count",Tea Pods,8.37,$8.37,$7.61/oz
"(3 pack) Bigelow Green Tea Classic,Tea Bags, 40 Count",Tea Bags,11.94,$11.94,$9.95/100 ct
"(4 pack) AriZona Sun Brewed Style Iced Tea with Lemon Flavor, 128 fl oz",Bottled Tea Drinks,11.76,$11.76,2.3 ¢/fl oz
"Yulu Foods Instant Boba Passion Fruit, Bubble Tea Kit, 3 Drinks",Powdered Tea,7.14,$7.14,89.9 ¢/oz
"CELSIUS Fizz Free Peach Mango Green Tea, Functional Energy Drink 12 fl oz Single Can",Energy Drinks,2.28,$2.28,19.0 ¢/fl oz
"Lipton Black Tea with Lemon Flavored Liquid Concentrate, Iced Tea Mix, Caffeinated, 32 fl oz",Tea Concentrates,4.47,$4.47,14.0 ¢/fl oz
"(2 pack) KeVita Master Brew Kombucha Tea, Pineapple Peach Flavor, Naturally Caffeinated, 15.2 oz Bottle",Bottled Tea Drinks,5.96,$5.96,19.6 ¢/fl oz
"(4 pack) AriZona Diet Green Tea with Ginseng, 128 fl oz",Bottled Tea Drinks,9.92,$9.92,1.9 ¢/fl oz
"Lipton Southern Sweet Black Tea Liquid Concentrate, Iced Tea Mix, Caffeinated, 32 fl oz",Tea Concentrates,4.47,$4.47,14.0 ¢/fl oz
(4 pack) Celestial Seasonings Wild Berry Zinger Caffeine-Free Herbal Tea Bags (20 Count),Tea Bags,12.48,$12.48,$15.60/100 ct
(4 pack) Arizona Arnold Palmer Gallon,Bottled Tea Drinks,11.76,$11.76,2.3 ¢/fl oz
"(4 pack) AriZona Southern Style Real Brewed Sweet Tea, 128 fl oz",Bottled Tea Drinks,11.76,$11.76,2.3 ¢/fl oz
"Snapple Peach Tea Juice Drink, 16 fl oz, Bottle",Bottled Tea Drinks,1.57,$1.57,9.8 ¢/fl oz
"(4 pack) FGO Hibiscus Tea, Organic, Eco-Conscious Tea Bags (20 Count)",Tea Bags,22.52,$22.52,$28.15/100 ct
"(4 pack) FGO Turmeric Ginger Tea, Organic, Eco-Conscious Tea Bags (20 Count)",Tea Bags,22.52,$22.52,$28.15/100 ct
"Lipton Green Tea  with Lemonade Flavored Liquid Concentrate, Iced Tea Mix,  32 fl oz",Tea Concentrates,4.47,$4.47,14.0 ¢/fl oz
"(4 pack) AriZona Sun Brewed Style with Raspberry Flavor Iced Tea, 128 fl oz",Bottled Tea Drinks,11.76,$11.76,2.3 ¢/fl oz
"(4 pack) AriZona Diet Blueberry Green Tea, 128 fl oz",Bottled Tea Drinks,11.88,$11.88,2.3 ¢/fl oz
"(3 pack) Lipton Unsweetened Black Tea Iced Tea Mix, 28 Quarts",Tea Concentrates,17.76,$17.76,$2.28/oz
"Health-Ade Pink Lady Apple Kombucha, 16 fl oz",Bottled Tea Drinks,2.48,$2.48,15.5 ¢/fl oz
(3 pack) Celestial Seasonings Wellness She-Well Raspberry Leaf Herbal Tea Bags (16 Count),Tea Bags,14.04,$14.04,$29.25/100 ct
"Health-Ade Blueberry Pomegranate Kombucha, 16 oz",Bottled Tea Drinks,2.48,$2.48,15.5 ¢/fl oz
"(2 pack) Taylors of Harrogate English Breakfast, 20 Count(Pack of 1)",Tea Bags,7.76,$7.76,$19.40/100 ct
"(2 pack) Synergy The Real Kombucha Trilogy, 16 fl oz",Bottled Tea Drinks,6.56,$6.56,20.5 ¢/fl oz
"(2 pack) Synergy The Real Kombucha Gingerade, 16 fl oz",Bottled Tea Drinks,6.56,$6.56,20.5 ¢/fl oz
"(2 pack) Synergy The Real Kombucha Peach Paradise, 16 fl oz",Bottled Tea Drinks,6.56,$6.56,20.5 ¢/fl oz
"(3 pack) Synergy The Real Kombucha Trilogy, 48 fl oz",Juices,25.44,$25.44,17.7 ¢/fl oz
"Fresh Sweet Corn on the Cob, 4 Count Tray",Fresh Vegetables,3.47,$3.47,17.4 ¢/oz
"Fresh Whole Yellow Onion, Each",Onions,0.58,$0.58,73.0 ¢/lb
"Fresh Yellow Baby Potatoes, 1.5 lb Bag",Fresh Vegetables,3.44,$3.44,14.3 ¢/oz
"Green Giant Simply Steam Mediterranean Blend, 9 oz Bag (Frozen Vegetables)",Frozen Vegetables,1.96,$1.96,21.8 ¢/oz
"Fresh Cauliflower, Each",Fresh Vegetables,2.97,$2.97,
"Marketside Fresh Sugar Snap Peas, 8 oz",Fresh Vegetables,2.47,$2.47,30.9 ¢/oz
"Birds Eye Steamfresh Mixed Vegetables, Frozen Vegetables, 10 oz. Bag",Frozen Vegetables,1.27,$1.27,12.7 ¢/oz
"Fresh Green Cabbage, Each",Fresh Vegetables,2.98,$2.98,86.0 ¢/lb
"Marketside Fresh Halved Brussels Sprouts, 12 oz",Fresh Vegetables,3.47,$3.47,28.9 ¢/oz
"Sweet Potatoes Whole Fresh, Each (Batata Mameya)",Fresh Vegetables,1.72,$1.72,$1.74/lb
"Fresh Cherubs Grape Tomatoes, 10 oz Package",Fresh Vegetables,2.73,$2.73,
"Great Value Sweet Corn on the Cob, 6 Count (Frozen)",Frozen Vegetables,2.23,$2.23,12.4 ¢/oz
"Fresh Grape Tomato, 10 oz Package",Fresh Vegetables,2,$2.00,20.0 ¢/oz
"Great Value Sweet Peas, 12 oz (Frozen) Steamable Bag, No Added Sugars",Frozen Vegetables,0.98,$0.98,8.2 ¢/oz
"Fresh Roma Tomato, 2 lb Bag",Fresh Vegetables,1.87,$1.87,93.5 ¢/lb
"Birds Eye Steamfresh Super Sweet Corn, Frozen Vegetables, 10 oz. Bag",Frozen Vegetables,1,$1.00,10.0 ¢/oz
"Great Value Sugar Snap Pea Stir-Fry, 20 oz (Frozen) Vegetables Mix",Frozen Vegetables,2.72,$2.72,13.6 ¢/oz
"Sweet Mini Peppers, Each",Fresh Vegetables,2.96,$2.96,
Fresh Purple Eggplant  - Versatile & Delicious,Fresh Vegetables,2.45,$2.45,$1.56/lb
"Fresh Long English Cucumber, Each",Fresh Vegetables,0.97,$0.97,
"Pictsweet Farms Frozen Seasoned Vegetables for the Air Fryer Cut Asparagus Spears, 11 oz",Packaged Side Dishes,3.48,$3.48,31.6 ¢/oz
"Great Value Frozen Broccoli Stir Fry with Mixed Vegetables, 20 oz Bag",Frozen Vegetables,2.72,$2.72,13.6 ¢/oz
"Sweet Potatoes Whole Fresh, 3 lb Bag",Fresh Vegetables,4.54,$4.54,$1.51/lb
"Fresh Vegetable Medley Blend, 32 oz",Fresh Vegetables,5.98,$5.98,18.7 ¢/oz
"Great Value Mixed Vegetable Medley, Canned Mixed Vegetables, 14.5 oz Can",Canned & Jarred Vegetables,1.06,$1.06,7.3 ¢/oz
"Birds Eye Steamfresh Garlic Butter Green Beans, Frozen Vegetables, 10.8 oz. Bag",Frozen Vegetables,2.64,$2.64,24.4 ¢/oz
"Fresh Tomato on the Vine, Bag (1.9 lbs/Bag Est.)",Fresh Vegetables,3.88,$3.88,$1.98/lb
"Great Value Frozen Sliced Carrots Steamable Bag, 12 oz",Frozen Vegetables,0.98,$0.98,8.2 ¢/oz
"Pictsweet Farms Steam'ables Edamame with Sea Salt, Farm Favorites, Frozen Vegetables, 10 oz.",Frozen Vegetables,2.44,$2.44,24.4 ¢/oz
"Great Value Mixed Vegetables, 15 oz",Canned & Jarred Vegetables,1,$1.00,6.7 ¢/oz
"Organic Fresh Whole Carrots, 2 lb Bag",Fresh Vegetables,2.62,$2.62,8.2 ¢/oz
"Fresh Chayote Squash, Each",Fresh Vegetables,1.17,$1.17,
"Birds Eye Steamfresh Edamame in the Pod, Frozen Vegetables, 10 oz. Bag",Frozen Vegetables,1.94,$1.94,19.4 ¢/oz
"Organic Marketside Fresh Baby Peeled Carrots, 1 lb Bag",Fresh Vegetables,1.74,$1.74,10.9 ¢/oz
"Fresh Red Baby Potatoes, 1.5 lb Bag",Fresh Vegetables,1.96,$1.96,$1.31/lb
"Great Value Steamable Fine Green Beans, 12 oz (Frozen)",Frozen Vegetables,1.97,$1.97,16.4 ¢/oz
"Fresh Produce, Whole Red Radish, 1 Bunch",Fresh Vegetables,1.74,$1.74,
"Fresh Green Beans, Bag (26.5 oz / Bag Est.)",Fresh Vegetables,2.95,$2.95,$1.78/lb
"Birds Eye Steamfresh Corn, Carrots & Asparagus Mixed Vegetables, Frozen Vegetables, 10.8 oz. Bag",Frozen Vegetables,1.94,$1.94,18.0 ¢/oz
"Fresh Red Bell Pepper, 1 Each",Fresh Vegetables,1.48,$1.48,
"Fresh Whole Sweet Onion, Each",Onions,0.79,$0.79,82.0 ¢/lb
"Birds Eye Steamfresh Sweet Peas, Frozen Vegetables, 10 oz. Bag",Frozen Vegetables,1.27,$1.27,12.7 ¢/oz
"Great Value Frozen Edamame, 12 oz",Frozen Vegetables,1.92,$1.92,16.0 ¢/oz
"Green Giant Simply Steam Garden Vegetable Medley, 10 oz Bag (Frozen Vegetables)",Frozen Vegetables,1.96,$1.96,19.6 ¢/oz
"Yellow Potatoes Whole Fresh, 3lb Bag",Fresh Vegetables,2.54,$2.54,84.7 ¢/lb
"Great Value Cut Okra, Frozen, 12 oz",Frozen Vegetables,1.54,$1.54,12.8 ¢/oz
"Great Value Frozen Broccoli Florets, 32 oz Bag",Frozen Vegetables,2.88,$2.88,9.0 ¢/oz
"Great Value Golden Sweet Whole Kernel Corn, 15 oz",Canned & Jarred Vegetables,0.5,$0.50,3.3 ¢/oz
"Great Value Butternut Squash Cubes, 10 oz (Frozen)",Frozen Vegetables,1.92,$1.92,19.2 ¢/oz
"Fresh Spaghetti Squash, Each",Fresh Vegetables,5.7,$5.70,$1.54/lb
"Great Value Frozen Broccoli Cuts, Steamable In Bag, 12 oz",Frozen Vegetables,0.94,$0.94,7.8 ¢/oz
"Great Value Chopped Spinach, 12 oz (Frozen)",Frozen Vegetables,1.26,$1.26,10.5 ¢/oz
"Marketside Fresh Sweet Potato Cubes, 16 oz",Fresh Vegetables,3.47,$3.47,21.7 ¢/oz
"Fresh Ginger Root, Each",Fresh Vegetables,0.97,$0.97,$3.87/lb
"Birds Eye Steamfresh Garlic Butter Broccoli, Frozen Vegetables, 9 oz. Bag",Frozen Vegetables,2.64,$2.64,29.3 ¢/oz
"Fresh Slicing Tomato, 3 Pack",Fresh Vegetables,1.97,$1.97,
"Birds Eye C&W Premium Quality Bell Pepper Strips, Frozen Vegetable, 14 oz (Frozen)",Frozen Vegetables,2.48,$2.48,17.7 ¢/oz
"Fresh and Vibrant Sweet Baby Broccoli, 1 Bunch",Fresh Vegetables,2.27,$2.27,$2.27/count
"Marketside Fresh Snow Peas, 8 oz",Fresh Vegetables,2.47,$2.47,30.9 ¢/oz
"Fresh Marketside Organic Vegetable Medley, 12 oz",Fresh Vegetables,3.87,$3.87,32.3 ¢/oz
"Birds Eye Steamfresh Cut Green Beans, Frozen Vegetables, 10 oz. Bag",Frozen Vegetables,1,$1.00,10.0 ¢/oz
"Great Value Baby Lima Beans, Gluten-Free, 12 oz Steamable Bag (Frozen)",Frozen Vegetables,1.62,$1.62,13.5 ¢/oz
"Marketside Organic Fresh Broccoli Slaw, 16 oz",Fresh Vegetables,3.87,$3.87,24.2 ¢/oz
"Fresh Produce, Whole Beets, 1 Bunch",Fresh Vegetables,2.57,$2.57,
"Fresh Whole White Onions, Each",Onions,0.79,$0.79,86.0 ¢/lb
"Birds Eye Fire Roasted Carrots, Frozen Vegetables, 12 oz. Bag",Frozen Vegetables,2.97,$2.97,24.8 ¢/oz
"Marketside Fresh Celery Sticks, 1.6 oz, 4 Pack",Fresh Vegetables,1.86,$1.86,29.1 ¢/oz
"Birds Eye Steamfresh Broccoli, Carrots, Sugar Snap Peas, Water Chestnuts, Frozen Vegetables, 10.8 oz",Frozen Vegetables,1.94,$1.94,18.0 ¢/oz
"Birds Eye Steamfresh Asparagus Spears, Frozen Vegetables, 8 oz. Bag",Frozen Vegetables,3.67,$3.67,45.9 ¢/oz
Veg-All Original Mixed Vegetables 29 Oz Can,Canned & Jarred Vegetables,3,$3.00,10.3 ¢/oz
"Birds Eye Steamfresh Gold and White Corn, Frozen Vegetables, 10.8 oz. Bag",Frozen Vegetables,1.94,$1.94,18.0 ¢/oz
"Marketside Fresh Sugar Snap Peas, 1 lb Bag",Fresh Vegetables,6.18,$6.18,$6.18/lb
"Freshness Guaranteed Diced Fresh Mirepoix Blend, 10 oz",Fresh Vegetables,2.94,$2.94,29.4 ¢/oz
"Green Giant Corn Cob Bites, Mexican Style Street Corn, 16 oz Bag (Frozen Vegetables)",Frozen Vegetables,3.12,$3.12,19.5 ¢/oz
"Malanga Root Whole Fresh, Each (Malanga)",Fresh Vegetables,1.48,$1.48,$1.97/lb
"Fresh Green Kale Bunch, Each",Fresh Vegetables,1.48,$1.48,
"Fresh Shredded Carrots, 10 oz Bag",Fresh Vegetables,1.87,$1.87,18.7 ¢/oz
"Russet Baking Potatoes Whole Fresh, Each",Fresh Vegetables,0.75,$0.75,88.0 ¢/lb
"Fresh Green Kohlrabi, 1 Bunch",Fresh Vegetables,3.77,$3.77,
"Fresh Celery Hearts, Each",Fresh Vegetables,2.82,$2.82,
"Del Monte Golden Sweet Whole Kernel Corn, Canned Vegetables, 15.25 oz Can (Pack of 4)",Canned & Jarred Vegetables,5.68,$5.68,9.3 ¢/oz
"Del Monte Fresh Cut Golden Sweet Whole Kernel Corn, Canned Vegetables, 15.25 oz Can",Canned & Jarred Vegetables,1.24,$1.24,8.1 ¢/oz
"Great Value No Salt Added Green Peas, 15 oz",Canned & Jarred Vegetables,0.76,$0.76,5.4 ¢/oz
"Fresh Serrano Pepper, 4 Ounce Bag",Fresh Vegetables,1.58,$1.58,39.5 ¢/oz
"Fresh Medley Baby Potatoes, 1.5 lb Bag",Fresh Vegetables,3.44,$3.44,
"Marketside Fresh Cauliflower Florets, 12 oz",Fresh Vegetables,2.47,$2.47,20.6 ¢/oz
"Green Giant Corn Cob Bites, Butter, Salt & Pepper, 16 oz Bag (Frozen Vegetables)",Frozen Vegetables,3.12,$3.12,19.5 ¢/oz
"Fresh Garlic Sleeve, 3 Count",Fresh Vegetables,1.78,$1.78,59.3 ¢/ea
"Fresh Celery Sticks, 20 oz Bag",Fresh Vegetables,2.96,$2.96,14.8 ¢/oz
"Fresh Organic Zucchini Squash, 2 Count",Fresh Vegetables,2.96,$2.96,49.3 ¢/oz
"Organic Fresh Rainbow Baby Carrots, 12 oz, Bag",Fresh Vegetables,2.16,$2.16,18.0 ¢/oz
"Great Value Riced Cauliflower, 12 oz (Frozen)",Frozen Vegetables,2.24,$2.24,18.7 ¢/oz
"Del Monte Sweet Peas, Canned Vegetables, 15 oz Can",Canned & Jarred Vegetables,1,$1.00,6.7 ¢/oz
"Del Monte Sliced Carrots, Canned Vegetables, 14.5 oz Can",Canned & Jarred Vegetables,1.57,$1.57,10.8 ¢/oz
"Misionero Vegetables Garden Life Fresh Lettuce Wraps, 7 oz",Fresh Vegetables,3.12,$3.12,44.6 ¢/oz
"Libby's Whole Kernel Sweet Corn, 4 Oz, 4 Count Box",Canned & Jarred Vegetables,2.58,$2.58,16.1 ¢/oz
"Fresh Yellow Bell Pepper, Each",Fresh Vegetables,1.48,$1.48,
"Fresh Red Cabbage, Each",Fresh Vegetables,3.45,$3.45,$1.17/lb
"Margaret Holmes Field Peas and Snaps, Canned Vegetables, 15 oz",Canned & Jarred Vegetables,1.57,$1.57,10.5 ¢/oz
"Fresh Constellation Medley Tomato, 16.5 oz Package",Fresh Vegetables,4.97,$4.97,30.1 ¢/oz
"Fresh Produce Whole Artichoke Vegetable, 1 Each",Fresh Vegetables,2.97,$2.97,
"Great Value Organic Steamable California Blend Vegetables, 10 oz (Frozen)",Frozen Vegetables,2.24,$2.24,22.4 ¢/oz
"Birds Eye C&W Early Harvest Petite Peas, Frozen Vegetable, 16 oz (Frozen)",Frozen Vegetables,2.48,$2.48,15.5 ¢/oz
"Fresh Chinese Eggplant, Each",Fresh Vegetables,3.31,$3.31,$3.68/lb
"Fresh Produce, Whole Bok Choy Shanghai, 1 Bundle",Fresh Vegetables,2.77,$2.77,
"Fresh Idaho Russet Potatoes, 5 lb Bag",Fresh Vegetables,3.24,$3.24,64.8 ¢/lb
"Green Giant Simply Steam Seasoned Backyard Grilled Potatoes, 9 oz Bag (Frozen Vegetables)",Frozen Vegetables,1.96,$1.96,21.8 ¢/oz
"Great Value Canned Cream Style Sweet Corn, 14.75 oz Aluminum Can",Canned & Jarred Vegetables,0.76,$0.76,5.1 ¢/oz
"Green Giant Riced Veggies Cauliflower Risotto Medley, Gluten Free, 10 oz Bag (Frozen Vegetables)",Frozen Vegetables,2.47,$2.47,24.7 ¢/oz
"Fresh Bitter Melon, Each",Fresh Vegetables,1.73,$1.73,$3.68/ea
"Fresh Marketside Broccoli and Cauliflower, 12 oz",Fresh Vegetables,2.47,$2.47,20.6 ¢/oz
"Birds Eye Steamfresh Creamed Spinach, Frozen Vegetables, 10.8 oz. Box",Frozen Vegetables,2.88,$2.88,26.7 ¢/oz
"Birds Eye Steamfresh Broccoli Cuts, Frozen Vegetables, 10.8 oz. Bag",Frozen Vegetables,1.1,$1.10,10.2 ¢/oz
"Earthbound Farm Organic Fresh Vegetable Tray with Ranch Dip, 40 oz",Packaged Salads,11.97,$11.97,29.9 ¢/oz
"Fresh Jicama, Each, 1 Count",Fresh Vegetables,2.44,$2.44,$1.64/lb
"Fresh Glorys Cherry Tomatoes, 10 oz Package",Fresh Vegetables,2.58,$2.58,
"Great Value Organic Steamable Mixed Vegetables, 10 oz (Frozen)",Frozen Vegetables,1.88,$1.88,18.8 ¢/oz
"Del Monte Sweet Peas, Canned Vegetables, 8.5 oz Can",Canned & Jarred Vegetables,1.13,$1.13,13.3 ¢/oz
"Marketside Fresh Broccoli Florets, 32 oz",Fresh Vegetables,5.98,$5.98,18.7 ¢/oz
Fresh Tomatillos by Weight,Fresh Vegetables,1.56,$1.56,
Fresh Collard Greens Bunch-Farm Fresh Leafy Vegetable,Fresh Vegetables,1.57,$1.57,
"Del Monte Mexican Style Street Corn, Canned Vegetables, 14.75 oz Can",Canned & Jarred Vegetables,2.23,$2.23,15.4 ¢/oz
"Seapoint Farms Edamame Shelled Soybeans, Net Content 12 oz (Frozen)",Frozen Vegetables,2.78,$2.78,23.2 ¢/oz
"Del Monte Fire Roasted Whole Kernel Corn, Canned Vegetables, 14.75 oz Can",Canned & Jarred Vegetables,2.38,$2.38,16.1 ¢/oz
"Organic Fresh Green Whole Asparagus, 1 Bunch",Fresh Vegetables,5.37,$5.37,
Fresh Radish White Daikon,Fresh Vegetables,2.97,$2.97,$2.97/lb
"Freshness Guaranteed Fajita Mix, 8 oz",Fresh Vegetables,2.94,$2.94,36.8 ¢/oz
"Fresh Chinese Long Beans, Bunch",Fresh Vegetables,4.42,$4.42,$3.68/lb
"Marketside Fresh Butternut Squash, 16 oz",Fresh Vegetables,3.47,$3.47,21.7 ¢/oz
"Fresh Leeks Bunch, Each",Fresh Vegetables,4.37,$4.37,
"Glory Foods Seasoned Southern Style Mixed Greens, Canned Vegetables, 27 oz , Can",Canned & Jarred Vegetables,2.72,$2.72,10.1 ¢/oz
"Freshly Cut, Vibrant Green Broccoli Bunch, 1 Bunch Wrapped",Fresh Vegetables,1.98,$1.98,
"Del Monte Peas & Carrots, Canned Vegetables, 8.5 oz Can",Canned & Jarred Vegetables,1.28,$1.28,15.1 ¢/oz
"Great Value Frozen Whole Kernel Corn, 32 oz Steamable Bag",Frozen Vegetables,2.48,$2.48,7.8 ¢/oz
"Allens Veg-All Original Mixed Vegetables, 15.0 OZ",Canned & Jarred Vegetables,1.64,$1.64,10.9 ¢/oz
"Fresh Slicing Tomato, 2 Pack",Fresh Vegetables,2.98,$2.98,
"Great Value Frozen Chopped Green Peppers, 10 oz",Frozen Vegetables,1.56,$1.56,15.6 ¢/oz
"Del Monte Golden Sweet Cream Corn, Canned Vegetables, 14.75 oz Can",Canned & Jarred Vegetables,1.57,$1.57,10.6 ¢/oz
"Russet Potatoes, 10 lb Bag, Whole",Fresh Vegetables,4.24,$4.24,
"Seapoint Farms Edamame Pods, Spicy Ginger Garlic, Frozen, 11 oz",Frozen Vegetables,2.87,$2.87,26.1 ¢/oz
"Fresh Organic Grape Tomatoes, 10 oz Package",Fresh Vegetables,3.12,$3.12,19.5 ¢/ea
"Del Monte Fresh Cut Leaf Spinach, 13.5 oz Can, Canned Vegetables",Canned & Jarred Vegetables,1.73,$1.73,12.8 ¢/oz
"Del Monte Peas & Carrots, Canned Vegetables, 14.5 oz Can",Canned & Jarred Vegetables,2.5,$2.50,17.2 ¢/oz
"Fresh Produce, Bagged Whole Red Radish, 1 Bag  Each",Fresh Vegetables,1.74,$1.74,29.0 ¢/oz
"Fresh Organic Beets, 1 lb Bag",Fresh Vegetables,2.96,$2.96,18.5 ¢/oz
"Fresh Romaine Lettuce, Each",Fresh Vegetables,2.14,$2.14,
"Del Monte Southwest Whole Kernel Corn with Peppers, Canned Vegetables, 15.25 oz Can",Canned & Jarred Vegetables,2.38,$2.38,15.6 ¢/oz
"Butternut Squash, each",Fresh Vegetables,5.64,$5.64,$1.54/lb
Fresh Red Potatoes 5 Lb Bag,Fresh Vegetables,3.88,$3.88,
"Fresh Rutabagas, Each",Fresh Vegetables,3.17,$3.17,
"Fresh Carrot Chips, 1 lb, Bag",Fresh Vegetables,2.07,$2.07,12.9 ¢/oz
"Microwaveable Sweet Potato Whole Fresh, Each",Fresh Vegetables,1.88,$1.88,
"Fresh Orange Bell Pepper, Each",Fresh Vegetables,1.48,$1.48,
"Green Giant Fresh Washed & Trimmed Green Leaf Lettuce, 7 oz",Fresh Vegetables,3.07,$3.07,43.9 ¢/oz
"Great Value No Salt Added Golden Sweet Whole Kernel Corn, 15.25 oz",Canned & Jarred Vegetables,0.5,$0.50,3.3 ¢/oz
"Birds Eye C&W Premium Quality Petite Sweet Corn, Frozen Corn, 16 oz (Frozen)",Frozen Vegetables,2.48,$2.48,15.5 ¢/oz
"Fresh Organic Yellow Squash, 2 Count",Fresh Vegetables,2.96,$2.96,37.0 ¢/oz
"Fresh Cherubs Grape Tomatoes, 24 oz Package",Fresh Vegetables,5.17,$5.17,21.5 ¢/oz
"Mini Cocktail Cucumber, 16 oz",Fresh Vegetables,3.86,$3.86,24.1 ¢/oz
"Del Monte Hot Honey Flavored Sliced Carrots, Canned Vegetables, 14.5 oz. Can",Canned & Jarred Vegetables,2.23,$2.23,15.4 ¢/oz
"Fresh Green Leaf Lettuce, Each",Fresh Vegetables,2.06,$2.06,
"Marketside Organic Fresh Green Onions, 1 Bunch",Fresh Vegetables,1.97,$1.97,
"Organic Marketside Fresh Celery Stalk, Each",Fresh Vegetables,2.87,$2.87,
"Del Monte Mixed Vegetables, Canned Vegetables, 14.5 oz Can",Canned & Jarred Vegetables,1.64,$1.64,11.3 ¢/oz
"Fresh Green Kale, 1 lb, Bag",Fresh Vegetables,3.48,$3.48,21.8 ¢/oz
"Fresh Poblano Peppers, 16 oz bag",Fresh Vegetables,2.64,$2.64,16.5 ¢/oz
"Fresh Turnip Greens Bunch, Each",Fresh Vegetables,1.57,$1.57,
"Great Value Hearts of Palm, 14 oz Can",Canned & Jarred Vegetables,2.48,$2.48,4.4 ¢/oz
"Glory Foods Seasoned Southern Style Spinach, Canned Vegetables, 27 oz",Canned & Jarred Vegetables,2.62,$2.62,9.7 ¢/oz
"Del Monte Fresh Cut Golden Sweet Whole Kernel Corn, Canned Vegetables, 8.75 oz Aluminum Can",Canned & Jarred Vegetables,1.23,$1.23,14.0 ¢/oz
"Fresh Organic Green Beans, 12 oz",Fresh Vegetables,3.87,$3.87,32.3 ¢/oz
"Red Potatoes Whole Fresh, 3lb Bag",Fresh Vegetables,2.64,$2.64,88.0 ¢/lb
"Pictsweet Farms Frozen Seasoned Vegetables for the Air Fryer Lightly Breaded Okra, 14 oz Bag",Packaged Side Dishes,3.48,$3.48,24.9 ¢/oz
"Birds Eye C&W Premium Petite White and Golden Corn Frozen Vegetable, 16 oz (Frozen)",Frozen Vegetables,2.48,$2.48,15.5 ¢/oz
"Birds Eye C&W Premium Quality Petite White Corn, Frozen Corn, 16 oz (Frozen)",Frozen Vegetables,2.48,$2.48,15.5 ¢/oz
Fresh Cucumber Salad/ Pickling,Fresh Vegetables,3.68,$3.68,11.5 ¢/oz
"Organic Cucumber, 2 Each",Fresh Vegetables,2.98,$2.98,29.8 ¢/oz
"Great Value Chopped Spinach, 10 oz (Frozen)",Frozen Vegetables,1.24,$1.24,12.4 ¢/oz
"Robinson Fresh Anaheim Peppers, 1 Pound Bag",Fresh Vegetables,2.68,$2.68,16.8 ¢/oz
Fresh Whole Yellow Potatoes 5 Lb Bag,Fresh Vegetables,4.92,$4.92,
"Birds Eye C&W Premium Quality Petite Peas, Frozen Peas, 16 oz (Frozen)",Frozen Vegetables,2.48,$2.48,15.5 ¢/oz
"(4 Cans) Libby's Whole Kernel Sweet Corn, 15 oz",Canned & Jarred Vegetables,4.17,$4.17,7.0 ¢/oz
Mezzetta California Hot Vegetable Mix 16 fl oz Jar,Canned & Jarred Vegetables,2.97,$2.97,18.6 ¢/fl oz
"Great Value Steamable Chopped Kale, Frozen, 12 oz",Frozen Vegetables,1.57,$1.57,13.1 ¢/oz
"Fresh and Vibrant Whole Napa Cabbage, Each",Fresh Vegetables,4.37,$4.37,
"Great Value Diced Pimientos, 4 oz (Shelf Stable)",Canned & Jarred Vegetables,1.78,$1.78,44.5 ¢/oz
"Marketside Vegetable Tray, 40 oz",Serving Trays,11.97,$11.97,29.9 ¢/oz
"Glory Foods Canned Seasoned Collard Greens, 27 oz Can",Canned & Jarred Vegetables,2.72,$2.72,10.1 ¢/oz
"Fresh Opo Squash, Each",Fresh Vegetables,3.05,$3.05,$3.68/lb
"Cassava Root Whole Fresh, Each (Yuca)",Fresh Vegetables,3.36,$3.36,$2.24/lb
"(6 pack) Great Value Mixed Vegetables, 15 oz",Canned & Jarred Vegetables,6,$6.00,6.7 ¢/oz
"Fresh Petite Carrots, 12 oz, Bag",Fresh Vegetables,1.86,$1.86,15.5 ¢/oz
"Green Giant Nibblers Whole Corn on The Cob, 24 Count (Frozen Vegetables)",Frozen Vegetables,9.37,$9.37,18.2 ¢/oz
"Fresh Whole Carrots, 5 lb Bag",Fresh Vegetables,4.77,$4.77,6.0 ¢/oz
"Birds Eye Crispy Broccoli Florets, Frozen Vegetables, 12 oz. Bag",Packaged Appetizers,2.97,$2.97,24.8 ¢/oz
"Organic Fresh Green Cabbage, Each",Fresh Vegetables,4.34,$4.34,$1.56/lb
"Del Monte Sliced New Potatoes, Canned Vegetables, 14.5 oz Can",Canned & Jarred Vegetables,1.57,$1.57,10.8 ¢/oz
"Glory Foods Seasoned Southern Style Turkey Flavored Collard Greens, Canned Vegetables, 14.5 oz",Canned & Jarred Vegetables,1.84,$1.84,12.7 ¢/oz
"Birds Eye Southland Butternut Squash, Frozen, 12 oz",Frozen Vegetables,2.17,$2.17,18.1 ¢/oz
"Fresh Premium Grape Tomato, 1 lb Package",Fresh Vegetables,4.16,$4.16,
"Marketside Fresh Green Beans, 32 oz",Fresh Vegetables,5.98,$5.98,18.7 ¢/oz
"Margaret Holmes Canned Tomatoes and Okra, 14.5 oz, Can",Canned & Jarred Vegetables,1.73,$1.73,11.9 ¢/oz
Marketside Vegetable Tray 20oz Fresh Packaged Salad,Packaged Salads,6.97,$6.97,34.9 ¢/oz
"Del Monte Mixed Vegetables, 8.25 oz Can, Canned Vegetables",Canned & Jarred Vegetables,1.28,$1.28,15.4 ¢/oz
"Great Value Golden Sweet Whole Kernel Corn, 8.5 oz Can",Canned & Jarred Vegetables,0.58,$0.58,6.6 ¢/oz
"Fresh Organic Roma Tomatoes, 1 lb Bag",Fresh Vegetables,3.42,$3.42,21.4 ¢/oz
"Fresh Whole Turnip Root, 1 lb Bag",Fresh Vegetables,2.66,$2.66,16.6 ¢/oz
"Fresh Organic Rainbow Kale, 1 lb Bag",Fresh Vegetables,4.76,$4.76,29.8 ¢/oz
"Fresh Organic Sweet Potatoes, 3 lb Bag",Fresh Vegetables,5.68,$5.68,$1.89/lb
"Organic Marketside Fresh Bagged Green Kale, 1 lb Bag",Fresh Vegetables,4.76,$4.76,29.8 ¢/oz
"Fresh Organic Red Radish, 12oz Bag",Fresh Vegetables,4.23,$4.23,35.3 ¢/oz
"(6 pack) Great Value Mixed Vegetable Medley, Canned Mixed Vegetables, 14.5 oz Can",Canned & Jarred Vegetables,6.36,$6.36,7.3 ¢/oz
"Marketside Fresh Organic Gold Potatoes, 3 lb Bag",Fresh Vegetables,3.28,$3.28,$1.09/lb
"Great Value Fresh Frozen Broccoli Cuts, 32 oz Steamable Bag",Frozen Vegetables,2.28,$2.28,7.1 ¢/oz
"Del Monte No Salt Added Golden Sweet Whole Kernel Corn, 15.25 oz Can, Canned Vegetables",Canned & Jarred Vegetables,1.57,$1.57,10.3 ¢/oz
"Fresh Produce, Whole Leafy Gai Lan,  1 Bunch Bundle",Fresh Vegetables,2.97,$2.97,$2.97/lb
"Microwaveable Russet Potato Whole Fresh, Each",Fresh Vegetables,1.14,$1.14,
"Del Monte No Salt Added Golden Sweet Whole Kernel Corn, Canned Vegetables, 8.75 oz. Can",Canned & Jarred Vegetables,1.23,$1.23,14.0 ¢/oz
"Fresh Butter Lettuce, Each",Fresh Vegetables,2.88,$2.88,
"Great Value Organic Steamable Sweet Corn, 10 oz (Frozen)",Frozen Vegetables,1.82,$1.82,18.2 ¢/oz
"Fresh Whole Garlic, 20 oz Bag",Fresh Vegetables,4.28,$4.28,21.4 ¢/oz
"Del Monte Sweet Gold and White Whole Kernel Corn, Canned Vegetables, 15.25 oz Can",Canned & Jarred Vegetables,2.38,$2.38,15.6 ¢/oz
"Del Monte Quartered Artichoke Hearts 14 oz Can, Canned Vegetables",Canned & Jarred Vegetables,2.94,$2.94,21.0 ¢/oz
"Birds Eye Fajita Veggies & Sauce, Frozen Vegetables, 15 oz. Bag",Packaged Side Dishes,2.97,$2.97,19.8 ¢/oz
"Birds Eye Cauliflower Florets, Frozen Vegetables, 48 oz. Bag",Frozen Vegetables,7.27,$7.27,15.1 ¢/oz
"Great Value Corn on The Cob, 24 Count (Frozen)",Frozen Vegetables,7.58,$7.58,10.5 ¢/oz
"Del Monte Whole Artichoke Hearts, Canned Vegetables, 14 oz can",Canned & Jarred Vegetables,3.94,$3.94,28.1 ¢/oz
"DEL MONTE Golden Sweet Whole Kernel Corn, Canned Vegetables, 11 oz Can",Canned & Jarred Vegetables,2.36,$2.36,21.5 ¢/oz
"Del Monte Golden Sweet Corn Cream Style, 8.25 oz Can, Canned Vegetables",Canned & Jarred Vegetables,1.23,$1.23,14.8 ¢/oz
"Great Value Organic Steamable Riced Cauliflower, 10 oz (Frozen)",Frozen Vegetables,2.46,$2.46,24.6 ¢/oz
"Fresh Cherry on the Vine Tomato, 9 oz Package",Fresh Vegetables,4.98,$4.98,41.5 ¢/ea
"Glory Foods Canned Seasoned Turnip Greens, 27 oz Can",Canned & Jarred Vegetables,2.72,$2.72,10.1 ¢/oz
"(6 pack) Great Value Sliced Carrots, Canned Carrots, 14.5 oz Can",Canned & Jarred Vegetables,5.76,$5.76,6.6 ¢/oz
"Organic Fresh and Bold Ginger, 8 oz Bag",Fresh Vegetables,4.87,$4.87,60.9 ¢/oz
"(6 pack) Great Value Canned Diced Potatoes, Gluten-Free, 15 oz Can",Canned & Jarred Vegetables,5.76,$5.76,6.4 ¢/oz
"Fresh Mo Qua Squash, Each",Fresh Vegetables,3.48,$3.48,$3.48/lb
"(8 pack) Great Value Canned Cream Style Sweet Corn, 14.75 oz Aluminum Can",Canned & Jarred Vegetables,6.08,$6.08,5.1 ¢/oz
"Libby's Canned Cream Style Sweet Corn, 14.75 oz",Canned & Jarred Vegetables,1.17,$1.17,7.9 ¢/oz
"Fresh Organic Color Bell Peppers, 2 Count",Fresh Vegetables,3.46,$3.46,$1.73/count
"Great Value Whole Kernel Sweet Corn, Gluten-Free, 29 oz Can",Canned & Jarred Vegetables,1.16,$1.16,4.0 ¢/oz
"Del Monte No Salt Added Sweet Peas, Canned Vegetables, 15 oz Can",Canned & Jarred Vegetables,1.25,$1.25,8.3 ¢/oz
"Del Monte No Salt Added Golden Sweet Corn Cream Style, 14.75 oz Can, Canned Vegetables",Canned & Jarred Vegetables,1.28,$1.28,8.6 ¢/oz
"Libby's Whole Kernel Sweet Corn, 15.25 Oz",Canned & Jarred Vegetables,1.17,$1.17,7.6 ¢/oz
"Marketside Organic Fresh Broccoli Florets, 12 oz",Fresh Vegetables,3.87,$3.87,32.3 ¢/oz
Spice World Easy Chopped Onion 16 oz Jar. Easy Onion offers a value added experience when not wanting to chop a fresh onion.,Canned & Jarred Vegetables,3.98,$3.98,24.9 ¢/oz
"Fresh Cocktail Tomato, 1 lb Package",Fresh Vegetables,2.98,$2.98,
"Organic Fresh Celery Sticks, 20 oz Bag",Fresh Vegetables,4.26,$4.26,21.3 ¢/oz
"(8 pack) Great Value Golden Sweet Whole Kernel Corn, 15 oz",Canned & Jarred Vegetables,4,$4.00,3.3 ¢/oz
"Organic Fresh Red Cabbage, Each",Fresh Vegetables,4.55,$4.55,$1.96/lb
"Great Value Organic Steamable Chopped Kale, 10 oz",Frozen Vegetables,2.12,$2.12,21.2 ¢/oz
"(8 pack) Great Value Mushrooms Pieces and Stems, 4 oz",Canned & Jarred Vegetables,12.64,$12.64,39.5 ¢/oz
"Jumbo Russet Potatoes Whole Fresh, 8 lb Bag",Fresh Vegetables,6.24,$6.24,78.0 ¢/lb
"Marketside Organic Red Potatoes Whole Fresh, 3 lb Bag",Fresh Vegetables,5.14,$5.14,$1.71/lb
"Del Monte Golden Sweet Whole Kernel Corn, 29 oz Can, Canned Vegetables",Canned & Jarred Vegetables,2.77,$2.77,9.6 ¢/oz
"Fresh Earth Greens Organic Romaine, 7 oz",Fresh Vegetables,3.96,$3.96,56.6 ¢/oz
"Fresh Organic Long English Cucumber, Each",Fresh Vegetables,2.46,$2.46,
"Great Value Sweet Peas, 32 oz Bag, No Added Sugars (Frozen)",Frozen Vegetables,2.48,$2.48,7.8 ¢/oz
"(2 pack) Great Value 5-7 Large Artichoke Hearts, 13.75 oz (Shelf Stable)",Canned & Jarred Vegetables,5.44,$5.44,19.7 ¢/oz
"Del Monte Mushroom Stems and Pieces, 8 oz Can, Canned Vegetables",Mushrooms,2.54,$2.54,31.8 ¢/oz
"Libby's Naturals No Salt & No Sugar Added Whole Kernel Sweet Corn, 15.25 oz Can",Canned & Jarred Vegetables,1.17,$1.17,7.6 ¢/oz
"(6 pack) Great Value Whole New Potatoes, 15 oz",Canned & Jarred Vegetables,5.76,$5.76,6.4 ¢/oz
"Great Value Organic Frozen Broccoli Florets in Steamable Bag, 10 oz",Frozen Vegetables,2.23,$2.23,22.3 ¢/oz
"(12 pack) Great Value Sweet Peas, 15 oz Can",Canned & Jarred Vegetables,9.12,$9.12,5.1 ¢/oz
"Marketside Organic Fresh Sugar Snap Peas, 8 oz",Fresh Vegetables,3.87,$3.87,48.4 ¢/oz
"Great Value Organic Whole Kernel Corn, No Salt Added, 15 oz",Canned & Jarred Vegetables,1.68,$1.68,11.2 ¢/oz
"(6 pack) Great Value Mild Diced Tomatoes with Green Chilies, 10 oz",Canned & Jarred Vegetables,5.76,$5.76,9.6 ¢/oz
"(2 pack) Glory Foods Seasoned Southern Style Mixed Greens, Canned Vegetables, 27 oz , Can",Canned & Jarred Vegetables,5.44,$5.44,10.1 ¢/oz
"Great Value Organic Whole Kernel Corn, 15 oz, Can",Canned & Jarred Vegetables,1.68,$1.68,11.2 ¢/oz
"Great Value Organic Chopped Spinach, 10 oz (Frozen)",Frozen Vegetables,2.46,$2.46,24.6 ¢/oz
"(3 pack) Great Value Hearts of Palm, 14 oz Can",Canned & Jarred Vegetables,7.44,$7.44,4.4 ¢/oz
"(2 pack) Glory Foods Seasoned Southern Style Spinach, Canned Vegetables, 27 oz",Canned & Jarred Vegetables,5.24,$5.24,9.7 ¢/oz
"(6 pack) Great Value Pickled Sliced Beets, 15 oz Can",Canned & Jarred Vegetables,7.68,$7.68,8.5 ¢/oz
"(2 pack) Glory Foods Seasoned Southern Style Turkey Flavored Collard Greens, Canned Vegetables, 14.5 oz",Canned & Jarred Vegetables,3.68,$3.68,12.7 ¢/oz
"(3 pack) Great Value Quartered Artichoke Hearts, 13.75 oz",Canned & Jarred Vegetables,7.32,$7.32,17.7 ¢/oz
"(8 pack) Great Value Canned Medium Diced Green Chiles, 7 oz",Canned & Jarred Vegetables,11.36,$11.36,20.3 ¢/oz
"(6 pack) Great Value Fire Roasted Diced Tomatoes, 14.5 oz",Canned & Jarred Vegetables,7.08,$7.08,8.1 ¢/oz
"(6 pack) Great Value Whole Kernel Sweet Corn, Gluten-Free, 29 oz Can",Canned & Jarred Vegetables,6.96,$6.96,4.0 ¢/oz
Green Giant Extra Long Asparagus Spears 15 oz,Canned & Jarred Vegetables,4.98,$4.98,33.2 ¢/oz
"(8 pack) Great Value Canned Leaf Spinach, 13.5 oz Can",Canned & Jarred Vegetables,11.52,$11.52,10.7 ¢/oz
(2 pack) Mezzetta California Hot Vegetable Mix 16 fl oz Jar,Canned & Jarred Vegetables,5.94,$5.94,18.6 ¢/fl oz
"Old South Apparel Pickled Asparagus Spears, Shelf-Stable, 16 oz Jar",Canned & Jarred Vegetables,6.97,$6.97,43.6 ¢/fl oz
"(8 pack) Margaret Holmes Field Peas and Snaps, Canned Vegetables, 15 oz",Canned & Jarred Vegetables,12.56,$12.56,10.5 ¢/oz
"(4 pack) Princella Canned Cut Sweet Potatoes, No Sugar Added, 40 oz",Canned & Jarred Vegetables,13.32,$13.32,8.3 ¢/oz
"Talk O' Texas Mild Okra Pickles, 16 fl oz",Canned & Jarred Vegetables,5.36,$5.36,33.5 ¢/fl oz
(2 pack) Green Giant Extra Long Asparagus Spears 15 oz,Canned & Jarred Vegetables,9.96,$9.96,33.2 ¢/oz
"Mezzetta Mild Banana Pepper Rings, 16 fl oz Jar",Canned & Jarred Vegetables,2.97,$2.97,18.6 ¢/fl oz
"(2 pack) Mini Cocktail Cucumber, 16 oz",Canned & Jarred Vegetables,3.94,$3.94,12.3 ¢/oz
"(2 pack) Princella Sweet Potatoes Cut Yams in Syrup, 40 oz., Can",Canned & Jarred Vegetables,6.86,$6.86,8.6 ¢/oz
"Giuliano Sweet Red Onion Strips Marinated with Lime, 16oz",Canned & Jarred Vegetables,5.84,$5.84,36.5 ¢/fl oz
"Dorot Crushed Garlic Frozen, 16 Count",Frozen Vegetables,2.56,$2.56,91.4 ¢/oz
"Better Than Bouillon Premium Seasoned Vegetable Base, Shelf-Stable, 8 oz Jar",Canned & Jarred Vegetables,5.12,$5.12,64.0 ¢/oz
"(8 pack) Great Value No Sugar Added Sliced Peaches, 14.5 oz",Canned & Jarred Vegetables,13.28,$13.28,11.4 ¢/oz
Local Hive Clover Raw & Unfiltered Clover Honey Blend 16oz Bottle,Honey,7.84,$7.84,49.0 ¢/oz
"Jamie’s Hive to Table 100% Pure Raw Honey & Honey Comb, Nature Made, No Fillers, 24oz Bottle",Honey,12.57,$12.57,52.4 ¢/oz
"Local Hive, Raw & Unfiltered, 100% So Cal Honey Blend, 16oz Bottle",Honey,7.84,$7.84,49.0 ¢/oz
"Great Value Honey, 12 oz, Plastic Bear",Honey,3.36,$3.36,28.0 ¢/oz
"Great Value, Raw Honey, 16 oz Inverted Plastic Bottle",Honey,6.27,$6.27,39.2 ¢/oz
Melinda's Hot Pepper Honey,Honey,7.97,$7.97,79.7 ¢/oz
Melinda's Ghost Pepper Hot Honey,Honey,7.97,$7.97,79.7 ¢/fl oz
"Great Value, Organic Strained Raw Honey, 12 oz Inverted Plastic Bottle",Honey,5.12,$5.12,42.7 ¢/oz
"Great Value Organic Strained Raw Honey, 16 oz",Honey,6.53,$6.53,40.8 ¢/oz
"Pure 'n Simple Honey, 80 oz",Honey,18.87,$18.87,23.6 ¢/oz
Miller Raw Clover Honey,Honey,11.52,$11.52,36.0 ¢/oz
"Busy Bee, Kosher, Squeezable Honey, 24 oz Plastic Bear Bottle, No Allergens",Honey,9.68,$9.68,40.3 ¢/oz
"Don Victor Pure Honey with Comb, 16 oz, No Allergens Contained",Honey,9.43,$9.43,58.9 ¢/oz
"Nate's California Honey: 100% Pure, Raw, and Unfiltered Honey - 16 fl oz Gluten-Free Honey",Honey,8.37,$8.37,52.3 ¢/oz
"Jamie's Hive to Table Wildflower Honey & Comb, Honeycomb, Raw & Unfiltered, 24 oz Squeeze Bottle",Honey,12.56,$12.56,52.3 ¢/oz
"Miller's Raw Natural Clover Honey, 12 oz",Honey,5.64,$5.64,47.0 ¢/oz
"(2 pack) Great Value, Raw Honey, 32 oz Plastic Inverted Bottle, No Allergens",Honey,23.04,$23.04,36.0 ¢/oz
"(4 pack) Great Value Honey, 12 oz, Plastic Bear",Honey,13.44,$13.44,28.0 ¢/oz
"Jamies Hive to Table 100% Pure Raw Honey & Honey Comb, Nature Made, No Fillers, 24oz Bottle",Honey,12.57,$12.57,52.4 ¢/oz
"(2 pack) Nate's California Honey: 100% Pure, Raw, and Unfiltered Honey - 16 fl oz Gluten-Free Honey",Honey,16.74,$16.74,52.3 ¢/oz
(3 pack) Miller Raw Clover Honey,Honey,34.56,$34.56,36.0 ¢/oz
Tapatio Sriracha Hot Sauce 18 oz,Hot Sauces,4.72,$4.72,
"Cholula Kosher Green Pepper Hot Sauce, 5.0 fl oz Bottle",Hot Sauces,4.12,$4.12,82.4 ¢/fl oz
"Louisiana Crystal Hot Sauce, 6 Oz",Hot Sauces,1.12,$1.12,18.7 ¢/fl oz
"Cholula Extra Hot Sauce, 5.0 fl oz Bottle",Hot Sauces,4,$4.00,80.0 ¢/fl oz
"Frank's RedHot Kosher Buffalo Wings Hot Sauce, 23.0 fl oz Bottle",Hot Sauces,6.28,$6.28,27.3 ¢/fl oz
"Cholula Kosher Original Hot Sauce, 5.0 fl oz Bottle",Hot Sauces,4.12,$4.12,82.4 ¢/fl oz
Valentina Salsa Picante Mexican Sauce 12.5 Fluid Ounce,Hot Sauces,1.68,$1.68,13.4 ¢/fl oz
"Valentina Mexican Hot Sauce, 34 fl oz",Hot Sauces,3.34,$3.34,9.8 ¢/fl oz
"Cholula Kosher Original Hot Sauce, 12.0 fl oz Bottle",Hot Sauces,8.17,$8.17,68.1 ¢/fl oz
"Tabasco Original Red Pepper Sauce, 12 oz, Regular Glass Hot Sauce Bottle, Gluten Free",Hot Sauces,6.86,$6.86,57.2 ¢/fl oz
"Frank's RedHot Kosher Buffalo Wings Hot Sauce, 12.0 fl oz Bottle",Hot Sauces,4.17,$4.17,34.8 ¢/fl oz
"Tabasco Original Red Pepper Sauce, 5 oz, Regular Glass Hot Sauce Bottle, Gluten Free",Hot Sauces,3.56,$3.56,71.2 ¢/fl oz
"El Yucateco Habanero Red Hot Sauce, 4 fl oz, Allergens Not Contained",Hot Sauces,2.52,$2.52,63.0 ¢/fl oz
"Tabasco Original Red Pepper Sauce, 2 oz, Regular Glass Hot Sauce Bottle, Gluten Free",Hot Sauces,1.9,$1.90,95.0 ¢/fl oz
Melinda's Ghost Pepper Hot Sauce,Hot Sauces,2.98,$2.98,59.6 ¢/fl oz
"(2 pack) Sriracha Hot Chili Sauce, 28oz (793g) Bottle",Hot Sauces,11.16,$11.16,19.9 ¢/oz
"El Yucateco Chile Habanero Xxxtra Hot Sauce, 4 fl oz",Hot Sauces,2.72,$2.72,68.0 ¢/fl oz
"El Yucateco Black Label Reserve Chile Habanero Hot Sauce, 4 oz, No Allergens Contained",Hot Sauces,2.83,$2.83,70.8 ¢/fl oz
"Marie Sharp's Original Hot Habanero Pepper Sauce, 5 oz",Hot Sauces,4.56,$4.56,91.2 ¢/oz
"Beano's Gluten Free Nashville Sweet Heat Hot Sandwich Sauce, 8 oz. Bottle, Shelf Stable",Hot Sauces,2.48,$2.48,31.0 ¢/oz
"Melinda'S Hot Sauce Sriracha Dippng, 12 Oz",Hot Sauces,5.74,$5.74,47.8 ¢/fl oz
"Tajn Chili Lime Hot Sauce, 15.38 oz",Hot Sauces,2.78,$2.78,18.1 ¢/oz
"Frank's RedHot Kosher Mild Wings Hot Sauce, 12.0 fl oz Bottle",Hot Sauces,4.17,$4.17,34.8 ¢/fl oz
"Great Value Hot Dog Chili Sauce, 10.5 oz, Can",Hot Sauces,0.86,$0.86,8.2 ¢/oz
"El Yucateco Habanero Chiltepin Sauce, 4 oz",Hot Sauces,3.82,$3.82,95.5 ¢/fl oz
"(2 pack) LA VICTORIA SALSA BRAVA Hot Sauce, Shelf Stable, 15 oz Plastic Squeeze Bottle",Hot Sauces,8,$8.00,26.7 ¢/oz
Melinda's Fire Roasted Garlic Habanero Pepper Sauce,Hot Sauces,5.44,$5.44,45.3 ¢/fl oz
"Cholula Chipotle Cremosa Sauce, 8.0 oz Bottle",Hot Sauces,3.17,$3.17,39.6 ¢/oz
"(2 pack) The Original Louisiana Brand Hot Sauce, Original Flavor, Shelf-Stable, 32 fl oz Bottle",Hot Sauces,10,$10.00,15.6 ¢/fl oz
"(4 pack) The Original Louisiana Brand Hot Sauce, Original, 6 fl oz Bottle",Hot Sauces,6.96,$6.96,29.0 ¢/fl oz
"Tajn Chamoy Mild Mexican Chili Lime Hot Sauce, No Allergens, 15.38 oz",Hot Sauces,2.78,$2.78,18.1 ¢/fl oz
"(3 pack) Valentina Hot Sauce, 4.93 oz",Hot Sauces,6.36,$6.36,43.0 ¢/oz
"(5 pack) Great Value Hot Dog Chili Sauce, 10.5 oz, Can",Hot Sauces,4.3,$4.30,8.2 ¢/oz
"(3 pack) Marie Sharp's Original Hot Habanero Pepper Sauce, 5 oz",Hot Sauces,13.68,$13.68,91.2 ¢/oz
"(2 pack) El Yucateco Chile Habanero Xxxtra Hot Sauce, 4 fl oz",Hot Sauces,5.44,$5.44,68.0 ¢/fl oz
"(3 pack) Tapatio Hot Sauce, 32 oz",Hot Sauces,17.88,$17.88,18.6 ¢/fl oz
"Tabasco Sweet Chili Sauce, 11 oz Regular Squeezable Plastic Bottle, Liquid Form, Gluten Free",Cooking Sauces & Marinades,3.56,$3.56,32.4 ¢/oz
"(2 pack) Tajn Chamoy Mild Mexican Chili Lime Hot Sauce, No Allergens, 15.38 oz",Hot Sauces,5.56,$5.56,18.1 ¢/fl oz
"Valentina Hot Sauce, 4.93 oz",Hot Sauces,2.12,$2.12,43.0 ¢/oz
"(4 pack) Sriracha Hot Chili Sauce, 28oz (793g) Bottle",Hot Sauces,22.32,$22.32,19.9 ¢/oz
"(2 pack) La Costea Hot Mole Sauce, 8.25 oz",Cooking Sauces & Marinades,5.46,$5.46,33.1 ¢/oz
"Mateo'S Gourmet Salsa Hot, 16 Oz",Salsas,4.62,$4.62,28.9 ¢/oz
Las Palmas Hot Green Chile Enchilada Sauce 28 oz. Can,Cooking Sauces & Marinades,3.02,$3.02,10.8 ¢/oz
"Pace Hot Honey Chipotle Signature Sauce, 11.1 oz",Cooking Sauces & Marinades,3.54,$3.54,31.9 ¢/oz
Chick-fil-A Sweet & Spicy Sriracha Sauce 16 fl oz Squeeze Bottle,Hot Sauces,3.97,$3.97,24.8 ¢/fl oz
"(3 pack) El Yucateco Habanero Red Hot Sauce, 4 fl oz, Allergens Not Contained",Hot Sauces,7.56,$7.56,63.0 ¢/fl oz
"Old El Paso Hot Red Enchilada Sauce, 10 oz.",Cooking Sauces & Marinades,2.12,$2.12,21.2 ¢/oz
"(2 pack) Tabasco Original Red Pepper Sauce, 5 oz, Regular Glass Hot Sauce Bottle, Gluten Free",Hot Sauces,7.12,$7.12,71.2 ¢/fl oz
"(4 pack) Tapatio Hot Sauce, 32 oz",Hot Sauces,23.84,$23.84,18.6 ¢/fl oz
"Pace Chunky Hot Salsa, 16 oz Jar",Salsas,2.97,$2.97,18.6 ¢/oz
"(2 pack) La Botanera Clasica Hot Sauce, 11.9 oz",Hot Sauces,2.36,$2.36,9.4 ¢/fl oz
"(3 pack) Tabasco Original Red Pepper Sauce, 2 oz, Regular Glass Hot Sauce Bottle, Gluten Free",Hot Sauces,5.7,$5.70,95.0 ¢/fl oz
"(12 pack) Great Value Hot Dog Chili Sauce, 10.5 oz, Can",Hot Sauces,10.32,$10.32,8.2 ¢/oz
"(4 pack) Valentina Mexican Hot Sauce, 34 fl oz",Hot Sauces,13.36,$13.36,9.8 ¢/fl oz
"Great Value Chili Sauce, 12 fl oz",Hot Sauces,1.67,$1.67,13.9 ¢/oz
(2 pack) Chick-fil-A Sweet & Spicy Sriracha Sauce 16 fl oz Squeeze Bottle,Hot Sauces,7.94,$7.94,24.8 ¢/fl oz
"Pace Mild Picante Sauce, 16 oz Jar",Hot Sauces,2.97,$2.97,18.6 ¢/oz
"Subway Baja Chipotle Sauce, 16 fl. oz.",Sandwich Spreads,3.98,$3.98,24.9 ¢/fl oz
(2 pack) Las Palmas Hot Green Chile Enchilada Sauce 28 oz. Can,Cooking Sauces & Marinades,6.04,$6.04,10.8 ¢/oz
"HERDEZ TAQUERIA STREET SAUCE Cilantro Lime Mild Taco Sauce, Shelf Stable, 9 oz Plastic Bottle",Salsas,3.84,$3.84,42.7 ¢/oz
"(3 pack) 505 Southwestern Medium Green Chile Sauce, Gluten-Free, Flame-Roasted, 16 oz Jar",Hot Sauces,12.36,$12.36,25.8 ¢/oz
"Siete Family Foods, Casera Salsa Roja, Spicy, 10.5 oz.",Salsas,4.47,$4.47,42.6 ¢/oz
"505 Southwestern Medium Green Chile Sauce, Gluten-Free, Flame-Roasted, 16 oz Jar",Hot Sauces,4.12,$4.12,25.8 ¢/oz
"(2 pack) Tabasco Green Pepper Sauce, 5 oz Regular Glass Bottle, Gluten Free",Hot Sauces,7.12,$7.12,71.2 ¢/fl oz
"505 Southwestern Mild Green Chile Sauce, Gluten-Free, Flame-Roasted, 16 oz Jar",Hot Sauces,4.12,$4.12,25.8 ¢/oz
"(8 pack) Great Value Chili Sauce, 12 fl oz",Hot Sauces,13.36,$13.36,13.9 ¢/oz
"(3 pack) Sriracha Hot Chili Sauce, 28oz (793g) Bottle",Hot Sauces,16.74,$16.74,19.9 ¢/oz
"Pace Cilantro Jalapeno Lime Signature Sauce, 10.4 oz Bottle",Cooking Sauces & Marinades,3.54,$3.54,34.0 ¢/oz
"(2 pack) Mae Ploy Sweet Chili Sauce, 12 Oz",Hot Sauces,7.08,$7.08,29.5 ¢/fl oz
"(2 pack) Panda Express Sweet Chili, 20.75 oz Liquid",Hot Sauces,9.36,$9.36,22.5 ¢/oz
"Pace Classic Taco Signature Sauce, 10.8 oz Bottle",Cooking Sauces & Marinades,3.54,$3.54,32.8 ¢/oz
"El Pato The Original Tomato Sauce With Jalapeo, 7.75 oz",Cooking Sauces & Marinades,0.98,$0.98,12.6 ¢/oz
"(2 pack) 505 Southwestern Mild Green Chile Sauce, Gluten-Free, Flame-Roasted, 16 oz Jar",Hot Sauces,8.24,$8.24,25.8 ¢/oz
(2 pack) MELINDA'S SPICY POLYNESIAN,Baking Extracts,11.48,$11.48,47.8 ¢/fl oz
"Taco Bell Creamy Chipotle Sauce, 12 fl oz Bottle",Cooking Sauces & Marinades,2.33,$2.33,19.4 ¢/fl oz
"(2 pack) Tabasco Sweet Chili Sauce, 11 oz Regular Squeezable Plastic Bottle, Liquid Form, Gluten Free",Hot Sauces,7.12,$7.12,32.4 ¢/oz
"(2 pack) Great Value Thai Style Sweet Chili Sauce, 13.25 oz",Hot Sauces,4.88,$4.88,18.4 ¢/oz
(2 pack) Flavortown Famous Donkey Sauce 12 oz,Cooking Sauces & Marinades,7.94,$7.94,33.1 ¢/oz
"(4 pack) bettergoods Sweet and Spicy Mole Street Taco Sauce, 8 oz",Cooking Sauces & Marinades,10.24,$10.24,32.0 ¢/oz
"bettergoods Sweet and Spicy Mole Street Taco Sauce, 8 oz",Cooking Sauces & Marinades,2.56,$2.56,32.0 ¢/oz
"(2 pack) G Hughes Sugar Free Chili Lime Dipping Sauce, 17 oz",Hot Sauces,8.36,$8.36,24.6 ¢/oz
"(4 pack) bettergoods Smoky Chipotle Pineapple Street Taco Sauce, 8 oz",Cooking Sauces & Marinades,10.24,$10.24,32.0 ¢/oz
"(2 pack) HERDEZ TAQUERIA STREET SAUCE Cilantro Lime Mild Taco Sauce, Shelf Stable, 9 oz Plastic Bottle",Salsas,7.68,$7.68,42.7 ¢/oz
"(3 pack) Great Value Medium Picante Sauce, 70 oz",Hot Sauces,17.94,$17.94,8.5 ¢/oz
"(2 pack) HERDEZ TAQUERIA STREET SAUCE Original Verde Mild Taco Sauce, Shelf Stable, 9 oz (Pack of 8)",Cooking Sauces & Marinades,7.68,$7.68,42.7 ¢/oz
"(2 pack) EMBASA Chipotle Peppers in Adobo Sauce, Shelf Stable, 7 oz Steel Can",Canned & Jarred Vegetables,3.28,$3.28,23.4 ¢/oz
"(2 pack) Lao Gan Ma Fried Chili Oil, 7.41 oz",Hot Sauces,10.44,$10.44,70.5 ¢/oz
(3 pack) Lee Kum Kee Hoisin Sauce 20 oz.,Cooking Sauces & Marinades,15,$15.00,25.0 ¢/oz
"(2 pack) Kinder's Honey Mustard Dipping Sauce, 15.4 oz Squeeze Bottle",Mustards,9.96,$9.96,32.3 ¢/oz
"(2 pack) Maya Kaimal Madras Curry Simmer Sauce, 12.5 oz",Cooking Sauces & Marinades,11.16,$11.16,44.6 ¢/oz
"(2 pack) Kraft Smoky Hickory Bacon Flavored Aioli, 12 fl oz Bottle",Cooking Sauces & Marinades,9.36,$9.36,39.0 ¢/fl oz
"Great Value Traditional Pasta Sauce, 24 oz",Pasta Sauces,1.74,$1.74,7.3 ¢/oz
"Great Value Tomato Basil Garlic Pasta Sauce, 24 oz",Pasta Sauces,1.74,$1.74,7.3 ¢/oz
"Great Value Alfredo Pasta Sauce, 16 oz",Pasta Sauces,1.92,$1.92,12.0 ¢/oz
"Prego Italian Tomato Pasta Sauce with Roasted Garlic & Herbs, 24 oz Jar",Pasta Sauces,2.48,$2.48,10.3 ¢/oz
"Prego Traditional Pasta Sauce, 24 oz Jar",Pasta Sauces,2.48,$2.48,10.3 ¢/oz
"Hunts Garlic & Herb Pasta Sauce, 24 oz. Can",Pasta Sauces,1.58,$1.58,6.6 ¢/oz
"Bertolli Pasta Sauce with Olive Oil and Garlic, Spaghetti Tomato Sauce, 24 oz",Pasta Sauces,3,$3.00,12.5 ¢/oz
"Great Value Flavored with Meat Pasta Sauce, 24 oz",Pasta Sauces,1.74,$1.74,7.3 ¢/oz
"RAGU Old World Style Traditional Spaghetti Pasta Sauce, 24 oz",Pasta Sauces,2.24,$2.24,9.3 ¢/oz
"G Hughes Sugar Free Sweet & Spicy BBQ Sauce, 18 oz",Barbecue Sauces,4.45,$4.45,24.7 ¢/oz
"Great Value Marinara Pasta Sauce, 23 oz",Pasta Sauces,1.74,$1.74,7.6 ¢/oz
"Rao's Homemade Marinara Sauce, Low Carb, All-Natural Spaghetti Sauce, 24 Oz",Pasta Sauces,7.33,$7.33,30.5 ¢/oz
"Prego Traditional Pasta Sauce, 67 oz Jar",Pasta Sauces,5.36,$5.36,8.0 ¢/oz
"Great Value Tomato Sauce, 8 oz Can",Canned & Jarred Vegetables,0.48,$0.48,6.0 ¢/oz
"Bertolli Vodka Pasta Sauce with Fresh Cream, 24 oz",Pasta Sauces,3,$3.00,12.5 ¢/oz
"Great Value 3 Cheese Pasta Sauce, 24 oz",Pasta Sauces,1.74,$1.74,7.3 ¢/oz
"Manwich Original Sloppy Joe Sauce, Canned Sauce, 15 oz",Cooking Sauces & Marinades,1.48,$1.48,9.9 ¢/oz
"Bertolli Classic Alfredo Pasta Sauce with Fresh Cream, 15 oz",Pasta Sauces,2.98,$2.98,19.9 ¢/oz
Rao's Homemade Tomato Basil Pasta Sauce 24oz,Pasta Sauces,7.33,$7.33,30.5 ¢/oz
"Great Value Tomato Sauce, 29 oz",Canned & Jarred Vegetables,1.48,$1.48,5.1 ¢/oz
"Great Value Tomato Sauce, 15 oz",Canned & Jarred Vegetables,0.96,$0.96,6.4 ¢/oz
"Great Value Mushroom Pasta Sauce, 24 oz",Pasta Sauces,1.74,$1.74,7.3 ¢/oz
"Great Value Classic Alfredo Pasta Sauce, 22 oz",Pasta Sauces,2.48,$2.48,11.3 ¢/oz
"Hunts Traditional Pasta Sauce, 24 oz. Can",Pasta Sauces,1.58,$1.58,6.6 ¢/oz
"Prego Traditional Pasta Sauce, 45 oz Jar",Pasta Sauces,4.23,$4.23,9.4 ¢/oz
"Prego Pasta Sauce, Italian Tomato Sauce with Roasted Garlic & Parmesan Cheese, 24 oz Jar",Pasta Sauces,2.48,$2.48,10.3 ¢/oz
"Classico Four Cheese Alfredo Pasta Sauce, 15 oz. Jar",Pasta Sauces,2.98,$2.98,19.9 ¢/oz
"Chick-fil-A Sauce, 24 fl oz Squeeze Bottle",Cooking Sauces & Marinades,5.76,$5.76,24.0 ¢/fl oz
"Hunts Meat Pasta Sauce, 24 oz. Can",Pasta Sauces,1.58,$1.58,6.6 ¢/oz
"Chick-fil-A Polynesian Sauce, 16 fl oz Squeeze Bottle",Cooking Sauces & Marinades,4.17,$4.17,26.1 ¢/fl oz
"RAGU Chunky Tomato Garlic and Onion Pasta Sauce, 24 oz",Pasta Sauces,2.24,$2.24,9.3 ¢/oz
"HERDEZ TAQUERIA STREET SAUCE Avocado Cilantro Mild Taco Sauce, Shelf Stable, 9 oz Plastic Bottle",Salsas,3.84,$3.84,42.7 ¢/oz
"Prego Alfredo Pasta Sauce with Roasted Garlic and Parmesan Cheese, 14.5 oz Jar",Pasta Sauces,2.48,$2.48,17.1 ¢/oz
"Classico Four Cheese Pasta Sauce, 24 oz Jar",Pasta Sauces,3.13,$3.13,13.0 ¢/oz
"Cholula Cilantro Lime Cremosa Sauce, 8.0 oz Bottle",Cooking Sauces & Marinades,3.17,$3.17,39.6 ¢/oz
"(2 pack) Classico Tomato & Basil Pasta Sauce, 24 oz Jar",Pasta Sauces,6.26,$6.26,13.0 ¢/oz
"Prego Marinara Sauce, 23 oz Jar",Pasta Sauces,2.48,$2.48,10.8 ¢/oz
"RAGU Roasted Garlic Parmesan Alfredo Pasta Sauce, 16 oz",Pasta Sauces,2.24,$2.24,14.0 ¢/oz
"Classico Tomato & Basil Pasta Sauce, 24 oz Jar",Pasta Sauces,3.13,$3.13,13.0 ¢/oz
"Hunts Tomato Sauce, Perfect for Chili & Soups, 8 oz. Can",Cooking Sauces & Marinades,0.76,$0.76,9.5 ¢/oz
"Prego Homestyle Alfredo Pasta Sauce, 22 oz Jar",Pasta Sauces,3.57,$3.57,16.2 ¢/oz
"Contadina Tomato Sauce, 8 oz Can",Pasta Sauces,0.78,$0.78,9.8 ¢/oz
"La Costea Mexican Chile Chipotle Sauce, 7 oz",Salsas,1.13,$1.13,14.6 ¢/oz
"Ragu Old World Style Meat-Flavored Pasta Sauce, 66 oz",Pasta Sauces,4.97,$4.97,7.5 ¢/oz
"Old El Paso Mild Red Enchilada Sauce, Meal Prep, Value Size, 28 oz",Cooking Sauces & Marinades,3.97,$3.97,14.2 ¢/oz
"(3 pack) Great Value Flavored with Meat Pasta Sauce, 24 oz",Pasta Sauces,5.22,$5.22,7.3 ¢/oz
"G Hughes Sugar Free Polynesian Dipping Sauce, 18 oz Bottle",Cooking Sauces & Marinades,3.82,$3.82,21.2 ¢/oz
"(8 pack) Great Value Tomato Sauce, 15 oz",Pasta Sauces,7.68,$7.68,6.4 ¢/oz
"Siete Family Foods, Creamy Jalapeno Botana Sauce, 8.5 oz",Cooking Sauces & Marinades,4.58,$4.58,53.9 ¢/oz
"(6 pack) Great Value Tomato Basil Garlic Pasta Sauce, 24 oz",Pasta Sauces,10.44,$10.44,7.3 ¢/oz
"Great Value Traditional Basil Pesto, 6.7 oz, 3 Servings",Pasta Sauces,2.48,$2.48,37.0 ¢/oz
"Chick-fil-A Barbeque Sauce, 16 fl oz Squeeze Bottle",Barbecue Sauces,3.97,$3.97,24.8 ¢/fl oz
"Macayo's Mexican Foods Medium Taco Sauce & Chip Dip, 16oz",Cooking Sauces & Marinades,2.88,$2.88,18.0 ¢/oz
Lee Kum Kee Panda Brand Sauce Oyster 9oz (255g),Cooking Sauces & Marinades,3.28,$3.28,36.4 ¢/oz
"Las Palmas Mild Green Chile Enchilada Sauce, 10 oz Can",Cooking Sauces & Marinades,1.54,$1.54,15.4 ¢/oz
"Hunts Tomato Sauce with Basil, Garlic and Oregano, Perfect for Chili & Soups, 8 oz. Can",Pizza Sauces,0.76,$0.76,9.5 ¢/oz
"(2 pack) Kikkoman Stir Fry Sauce, 11.4Fl Oz",Cooking Sauces & Marinades,8.24,$8.24,36.1 ¢/oz
"Siete Family Foods, Sweet & Tangy Chamoy Botana Sauce, 10 oz.",Cooking Sauces & Marinades,4.58,$4.58,45.8 ¢/oz
"Juanita's Foods Nacho Cheese Sauce, 15 oz Can",Cooking Sauces & Marinades,2.92,$2.92,19.1 ¢/oz
"Rao's Homemade Pizza Sauce, 12.3oz - All Natural, Slow-Simmered",Pizza Sauces,4.98,$4.98,40.5 ¢/oz
"(3 pack) Great Value Garden Combo Pasta Sauce, 24 oz Jar",Pasta Sauces,5.22,$5.22,7.3 ¢/oz
"Patak's Tastes of India Simmer Sauce, Tikka Masala Curry, 15-Ounce",Cooking Sauces & Marinades,4.88,$4.88,32.5 ¢/oz
"Great Value Spaghetti Sauce Mix, 1.37 oz",Mixed Spices & Seasonings,0.97,$0.97,70.8 ¢/oz
"G Hughes Sugar Free Yum Yum Dipping Sauce, 16 oz",Steak Sauces,5.12,$5.12,32.0 ¢/oz
"Lydias Lechon Premium All-Around Sauce Rich Savory Blend, 11.6 oz",Cooking Sauces & Marinades,3.83,$3.83,33.0 ¢/oz
"(6 pack) Hunts Traditional Pasta Sauce, 24 oz. Can",Pasta Sauces,9.48,$9.48,6.6 ¢/oz
"(3 pack) Great Value 3 Cheese Pasta Sauce, 24 oz",Pasta Sauces,5.22,$5.22,7.3 ¢/oz
"(3 pack) RAGU Classic Alfredo Pasta Sauce, 16 oz",Pasta Sauces,6.72,$6.72,14.0 ¢/oz
"LA VICTORIA Green Enchilada Sauce Liquid, Shelf-Stable, 28 oz Steel Can",Cooking Sauces & Marinades,3.42,$3.42,12.2 ¢/oz
"Mega Chamoy Original Sauce, 33 fl oz",Juices,2.23,$2.23,6.6 ¢/fl oz
"Giovanni Rana Pesto Premium Pasta Topping Jar (Share Size, 12.5oz), 1/4 Cup (60 g), Refrigerated",Pasta Sauces,6.52,$6.52,52.2 ¢/oz
"(8 pack) Great Value Traditional Pasta Sauce, 24 oz",Pasta Sauces,13.92,$13.92,7.3 ¢/oz
"Frontera Original Ground Beef Seasoning Taco Sauce, 8 oz",Cooking Sauces & Marinades,1.62,$1.62,20.3 ¢/oz
"DONA MARIA Ready to Serve Mole, Mexican Mole, 12.7 oz",Cooking Sauces & Marinades,1.73,$1.73,13.6 ¢/oz
"Lawry's Steak & Chop Marinade, 12.0 fl oz Bottle",Cooking Sauces & Marinades,3.16,$3.16,26.3 ¢/fl oz
"(6 pack) Great Value Classic Alfredo Pasta Sauce, 22 oz",Pasta Sauces,14.88,$14.88,11.3 ¢/oz
"Great Value Pizza Sauce, 23.9 oz",Pizza Sauces,1.88,$1.88,7.9 ¢/oz
"(6 pack) Hunts Meat Pasta Sauce, 24 oz. Can",Pasta Sauces,9.48,$9.48,6.6 ¢/oz
"(6 pack) Great Value Spaghetti Sauce Mix, 1.37 oz",Pasta Sauces,5.82,$5.82,70.8 ¢/oz
"(2 pack) Patak's Tastes of India Simmer Sauce, Tikka Masala Curry, 15-Ounce",Cooking Sauces & Marinades,9.76,$9.76,32.5 ¢/oz
"(6 pack) Hunts Garlic & Herb Pasta Sauce, 24 oz. Can",Pasta Sauces,9.48,$9.48,6.6 ¢/oz
"(12 pack) Great Value No Salt Added Tomato Sauce, 8 oz",Pasta Sauces,5.76,$5.76,6.0 ¢/oz
"(2 pack) Macayo's Mexican Foods Medium Taco Sauce & Chip Dip, 16oz",Cooking Sauces & Marinades,5.76,$5.76,18.0 ¢/oz
"Del Monte Tomato Sauce, 8 oz Can",Cooking Sauces & Marinades,0.68,$0.68,8.5 ¢/oz
"(6 pack) Classico Four Cheese Alfredo Pasta Sauce, 15 oz. Jar",Pasta Sauces,17.88,$17.88,19.9 ¢/oz
"Hunts No Salt Added Tomato Sauce, Perfect for Chili & Soups, 8 oz. Can",Cooking Sauces & Marinades,0.76,$0.76,9.5 ¢/oz
"(6 pack) Bertolli Pasta Sauce with Olive Oil and Garlic, Spaghetti Tomato Sauce, 24 oz",Pasta Sauces,18,$18.00,12.5 ¢/oz
"Juanita's Foods Nacho Cheese Sauce, 106 oz Can",Cooking Sauces & Marinades,11.18,$11.18,10.5 ¢/oz
"(6 pack) Bertolli Pasta Sauce with Tomato and Basil, Spaghetti Tomato Sauce, 24 oz",Pasta Sauces,18,$18.00,12.5 ¢/oz
(3 pack) Rao's Homemade Roasted Garlic Pasta Sauce 24oz,Pasta Sauces,21.99,$21.99,30.5 ¢/oz
"Take Root Organics Tomato Sauce, 15 oz Can",Canned & Jarred Vegetables,1.86,$1.86,12.4 ¢/oz
"(2 pack) HERDEZ TAQUERIA STREET LIQUID SAUCE Roja Taco Sauce, 9 oz Bottle",Cooking Sauces & Marinades,7.68,$7.68,42.7 ¢/oz
"(2 pack) Buffalo Wild Wings Teriyaki Sauce, 12 fl. oz.",Cooking Sauces & Marinades,6.88,$6.88,28.7 ¢/fl oz
"(3 pack) LA VICTORIA Green Enchilada Sauce Liquid, Shelf-Stable, 28 oz Steel Can",Cooking Sauces & Marinades,10.26,$10.26,12.2 ¢/oz
"(2 pack) Contadina Tomato Sauce, Canned Tomatoes, 29 oz Can",Canned & Jarred Vegetables,4.68,$4.68,8.1 ¢/oz
(2 pack) Kinder's Fajita Cooking Sauce,Cooking Sauces & Marinades,10.96,$10.96,43.5 ¢/oz
"(3 pack) Patak's Butter Chicken Simmer Sauce, 15 oz",Cooking Sauces & Marinades,14.64,$14.64,32.5 ¢/oz
"(3 pack) Rao's Homemade Marinara Sauce, Low Carb, All-Natural Spaghetti Sauce, 24 Oz",Pasta Sauces,21.99,$21.99,30.5 ¢/oz
"(3 pack) Take Root Organics Tomato Sauce, 15 oz Can",Pasta Sauces,5.58,$5.58,12.4 ¢/oz
(2 pack) Flavortown Bacon Ranch Flavored Sauce 12.8 oz,Cooking Sauces & Marinades,7.94,$7.94,31.0 ¢/oz
"(6 pack) Manwich Original Sloppy Joe Sauce, Canned Sauce, 24 oz.",Cooking Sauces & Marinades,16.32,$16.32,11.3 ¢/oz
(3 pack) Rao's Homemade Tomato Basil Pasta Sauce 24oz,Pasta Sauces,21.99,$21.99,30.5 ¢/oz
"(4 pack) bettergoods Scorpion Pepper and Truffle Street Taco Sauce, 8 oz",Cooking Sauces & Marinades,10.24,$10.24,32.0 ¢/oz
"(2 pack) HERDEZ TAQUERIA STREET SAUCE Avocado Cilantro Mild Taco Sauce, Shelf Stable, 9 oz Plastic Bottle",Cooking Sauces & Marinades,7.68,$7.68,42.7 ¢/oz
"(3 pack) Rao's Homemade Marinara Sauce, Low Carb, All-Natural Spaghetti Sauce, 32 Oz",Pasta Sauces,26.64,$26.64,27.8 ¢/oz
"(3 pack) G Hughes Sugar Free Cluckin' Dipping Sauce, 17 oz",Cooking Sauces & Marinades,11.46,$11.46,22.5 ¢/oz
"(3 pack) G Hughes Sugar Free Yum Yum Dipping Sauce, 16 oz",Cooking Sauces & Marinades,15.36,$15.36,32.0 ¢/oz
"(6 pack) RAGU Chunky Tomato Garlic and Onion Pasta Sauce, 24 oz",Pasta Sauces,13.44,$13.44,9.3 ¢/oz
"(3 pack) Chick-fil-A Sauce, 24 fl oz Squeeze Bottle",Cooking Sauces & Marinades,17.28,$17.28,24.0 ¢/fl oz
"(4 pack) Old El Paso Mild Red Enchilada Sauce, Meal Prep, Value Size, 28 oz",Cooking Sauces & Marinades,15.88,$15.88,14.2 ¢/oz
"(3 pack) Siete Family Foods, Creamy Jalapeno Botana Sauce, 8.5 oz",Cooking Sauces & Marinades,13.74,$13.74,53.9 ¢/oz
"(8 pack) Great Value Mushroom Pasta Sauce, 24 oz",Pasta Sauces,13.92,$13.92,7.3 ¢/oz
"Great Value Tomato Paste, 6 oz",Cooking Sauces & Marinades,0.86,$0.86,14.3 ¢/oz
"(3 pack) Rao's Homemade Tomato Sauce, Tomato Basil Spaghetti Sauce, Low Carb, Keto Friendly, 32 Oz",Pasta Sauces,26.64,$26.64,27.8 ¢/oz
"(4 pack) Kona Coast Island Teriyaki Marinade & Grilling Sauce, 15 oz Jar",Cooking Sauces & Marinades,12.48,$12.48,20.8 ¢/oz
(3 pack) Rao's Homemade Alfredo Sauce 15 oz. Jar,Pasta Sauces,21.99,$21.99,48.9 ¢/oz
"(3 pack) G Hughes Sugar Free Polynesian Dipping Sauce, 18 oz Bottle",Cooking Sauces & Marinades,11.46,$11.46,21.2 ¢/oz
"(8 pack) RAGU Chunky Mushroom Pasta Sauce, 24 oz",Pasta Sauces,17.92,$17.92,9.3 ¢/oz
"Hunts Tomato Paste with Basil, Garlic and Oregano, Perfect for Chili & Soups, 6 oz. Can",Cooking Sauces & Marinades,1.06,$1.06,17.7 ¢/oz
"Cento Tomato Paste, 4.56 oz  allergens not contained",Cooking Sauces & Marinades,2.68,$2.68,58.3 ¢/oz
"Classico Signature Recipes Traditional Pizza Sauce, 14 oz Jar",Pizza Sauces,2.97,$2.97,21.2 ¢/oz
"Tostitos Chunky Salsa, Medium, 15.5 oz Jar",Salsas,3.98,$3.98,25.7 ¢/oz
"Great Value Worcestershire Sauce, 10 fl oz",Worcestershire Sauce,1.08,$1.08,10.8 ¢/fl oz
Alouette Garden Vegetable Soft Spreadable Cheese 6.5 oz (Fresh),Cheese Dips & Spreads,4.96,$4.96,76.3 ¢/oz
"Nutella Hazelnut Spread with Cocoa, Creamy Hazelnut Spread, Breakfast Favorite, 13 oz Jar",Nut Butters & Spreads,4.97,$4.97,38.2 ¢/oz
"Great Value Hazelnut Spread, 13 oz",Nut Butters & Spreads,2.97,$2.97,22.8 ¢/oz
"Texas Roadhouse Honey Cinnamon Whipped Buttery Spread, 7.35 oz",Butter & Margarine,3.64,$3.64,49.5 ¢/oz
"Italian Rose Gluten-Free Garlic Spread, 4 oz, Shelf-Stable, Contains Soy, Milk",Vegetable Dips,2.72,$2.72,68.0 ¢/oz
"Country Crock Original Buttery Spread, 45 oz Tub",Butter & Margarine,5.93,$5.93,13.2 ¢/oz
"Kaukauna Port Wine Clean Label Spreadable Cheese Ball 6oz, Whole Vacuum Sealed Pouch, Refrigerated",Cheese Dips & Spreads,3.46,$3.46,57.7 ¢/oz
"Great Value Strawberry Cream Cheese Spread, 8 oz Tub",Cream Cheese,1.93,$1.93,24.1 ¢/oz
"Great Value Chive & Onion Cream Cheese Spread, 8 oz Tub",Cheese Dips & Spreads,1.93,$1.93,24.1 ¢/oz
"Imperial Vegetable Oil Spread, 16 oz Box, 4 Sticks (Refrigerated)",Butter & Margarine,1.24,$1.24,7.8 ¢/oz
"Great Value Garden Vegetable Cream Cheese Spread, 8 oz Tub",Cream Cheese,1.93,$1.93,24.1 ¢/oz
"Kraft America's Favorite Sandwich Spread, 15 fl oz Jar, Shelf-Stable",Sandwich Spreads,2.82,$2.82,18.8 ¢/fl oz
"Country Crock Original Buttery Spread, 15 oz Tub (Refrigerated)",Butter & Margarine,3.43,$3.43,22.9 ¢/oz
"Great Value Sandwich Spread, 15 fl oz Jar",Sandwich Spreads,1.87,$1.87,12.5 ¢/fl oz
"Imperial Vegetable Oil Spread, 45 oz Tub (Refrigerated)",Butter & Margarine,3.43,$3.43,7.6 ¢/oz
"I Can’t Believe It’s Not Butter!® Original, a NutriRich™ Buttery Spread​, 45 oz Tub",Butter & Margarine,9.46,$9.46,21.0 ¢/oz
"Great Value Original Whipped Cream Cheese Spread, 12 oz Tub",Cream Cheese,3.12,$3.12,26.0 ¢/oz
"Great Value Hazelnut Spread, 26.5 oz",Nut Butters & Spreads,4.97,$4.97,18.8 ¢/oz
"Blue Bonnet Original Vegetable Oil Spread Sticks, 16 oz (4 Sticks)",Butter & Margarine,1.24,$1.24,7.8 ¢/oz
"Great Value Brown Sugar & Cinnamon Cream Cheese, 8 oz Cup",Cream Cheese,1.93,$1.93,24.1 ¢/oz
"Price's Original Flavored Pimiento Cheese Spread, 12 oz., Tub, Refrigerated",Cheese Dips & Spreads,4.44,$4.44,37.0 ¢/oz
"Land O Lakes Garlic & Herb Butter Spread, Spreadable, 6.5 oz Tub",Butter & Margarine,2.77,$2.77,42.6 ¢/oz
"Great Value Original Whipped Cream Cheese Spread, 8 oz Cup",Cream Cheese,1.93,$1.93,24.1 ¢/oz
"Sam's Choice Creamy Almond Butter, 12 oz",Nut Butters & Spreads,5.23,$5.23,43.6 ¢/oz
"Hillshire Snacking Pepperoni, Garlic & Herb, Cheese Spreads, 2.25 oz (Refrigerated)",Cheese Dips & Spreads,2.97,$2.97,$1.32/oz
"Philadelphia Flavored Cream Cheese Spread, 1 Tub, for Smooth, Spreadable Mornings, Strawberry, No Artificial Preservatives, Flavors or Dyes, 7.5 oz",Cream Cheese,4.17,$4.17,55.6 ¢/oz
"Great Value Mixed Berry Cream Cheese Spread, 8 oz Cup",Cream Cheese,1.93,$1.93,24.1 ¢/oz
"I Cant Believe Its Not Butter! Original, a NutriRich Buttery Spread, 15 oz Tub",Butter & Margarine,3.97,$3.97,26.5 ¢/oz
"Great Value Blueberry Cream Cheese Spread, 8 oz Tub",Cream Cheese,1.93,$1.93,24.1 ¢/oz
"Philadelphia Whipped Flavored Cream Cheese Spread, 1 Tub, for Smooth, Spreadable Mornings, Garlic and Herb, No Artificial Preservatives, Flavors or Dyes, 7.5 oz",Cream Cheese,4.17,$4.17,55.6 ¢/oz
"Hillshire Snacking Pepperoni, Red Pepper Flakes & Italian Herbs, Cheese Spreads, 2.25 oz (Refrigerated)",Cheese Dips & Spreads,2.97,$2.97,$1.32/oz
"Hillshire Snacking Pepperoni, Mozzarella & Tomato, Refrigerated Spreads, 2.25 oz (Refrigerated)",Cheese Dips & Spreads,2.97,$2.97,$1.32/oz
"Philadelphia Cream Cheese Spread, 1 Tub, for Smooth, Spreadable Mornings, Original, No Artificial Preservatives, Flavors or Dyes, 8 oz",Cream Cheese,4.17,$4.17,52.1 ¢/oz
"Philadelphia Chive & Onion Cream Cheese Spread, 7.5 oz Tub",Cream Cheese,4.17,$4.17,55.6 ¢/oz
"Great Value Sweet Cream Salted Butter, 16 oz Box, 4 Sticks",Butter & Margarine,3.67,$3.67,22.9 ¢/oz
"The Laughing Cow Garlic and Herb Spreadable Cheese Wedge, 5.4 oz Box. Refrigerated",Cheeses,3.97,$3.97,73.5 ¢/oz
"Taste of the South Caramelized Onion & Bacon Dip, 10 oz (Refrigerated, Tub, Spread)",Vegetable Dips,4.72,$4.72,47.2 ¢/oz
"Philadelphia Flavored Cream Cheese Spread, 1 Tub, for Smooth, Spreadable Mornings, Spicy Jalapeno, No Artificial Preservatives, Flavors or Dyes, 7.5 oz",Cream Cheese,4.17,$4.17,55.6 ¢/oz
"Great Value Spreadable Butter with Canola Oil, 15 oz, Tub",Butter & Margarine,4.12,$4.12,27.5 ¢/oz
"Philadelphia Flavored Cream Cheese Spread, 1 Tub, for Smooth, Spreadable Mornings, Garden Vegetable, No Artificial Preservatives, Flavors or Dyes, 7.5 oz",Cream Cheese,4.17,$4.17,55.6 ¢/oz
"Reese's Creamy Peanut Butter Spread, Jar 18 oz",Nut Butters & Spreads,3.64,$3.64,20.2 ¢/oz
"Philadelphia Flavored Cream Cheese Spread, 1 Tub, for Smooth, Spreadable Mornings, Smoked Salmon, No Artificial Preservatives, Flavors or Dyes, 7.5 oz",Cream Cheese,4.17,$4.17,55.6 ¢/oz
"Philadelphia Flavored Cream Cheese Spread, 1 Tub, for Smooth, Spreadable Mornings, Garlic & Herb, No Artificial Preservatives, Flavors or Dyes, 7.5 oz",Cream Cheese,4.17,$4.17,55.6 ¢/oz
"Kaukauna Cheddar & Jalapeno Spreadable Cheese Ball 6oz, Refrigerated, Plastic Vacuum Sealed Ball",Cheeses,3.46,$3.46,57.7 ¢/oz
"DeLallo Fig Jam Spread, Non-GMO, 10 oz Jar","Jams, Jellies & Preserves",4.96,$4.96,49.6 ¢/oz
"Philadelphia Whipped Flavored Cream Cheese Spread, 1 Tub, for Smooth, Spreadable Mornings, Chive, No Artificial Preservatives, Flavors or Dyes, 7.5 oz",Cream Cheese,4.17,$4.17,55.6 ¢/oz
"The Laughing Cow Light Spreadable Cheese Wedges, 5.4 oz, Box, Refrigerated",Cheeses,3.97,$3.97,73.5 ¢/oz
"Philadelphia Whipped Flavored Cream Cheese Spread, 1 Tub, for Smooth, Spreadable Mornings, Mixed Berry Natural Flavor with Other Natural Flavor, No Artificial Preservatives, Flavors or Dyes, 7.5 oz",Cream Cheese,4.17,$4.17,55.6 ¢/oz
"Philadelphia Flavored Cream Cheese Spread, 1 Tub, for Smooth, Spreadable Mornings, Blueberry, No Artificial Preservatives, Flavors or Dyes, 7.5 oz",Cream Cheese,4.17,$4.17,55.6 ¢/oz
"Philadelphia Flavored Cream Cheese Spread, 1 Tub, for Smooth, Spreadable Mornings, Strawberry, No Artificial Preservatives, Flavors or Dyes, 15.5 oz",Cream Cheese,6.97,$6.97,45.0 ¢/oz
"Great Value Spinach Artichoke Cheese Dip, 8 oz (Frozen)",Cheese Dips & Spreads,3.63,$3.63,45.4 ¢/oz
"Great Value Sweet Cream Unsalted Butter, 16 oz Box, 4 Sticks",Butter & Margarine,3.67,$3.67,22.9 ¢/oz
"Great Value Preserves, Strawberry, 18 oz","Jams, Jellies & Preserves",2.78,$2.78,15.4 ¢/oz
"Philadelphia Cream Cheese Spread, 1 Tub, for Smooth, Spreadable Mornings, Original, No Artificial Preservatives, Flavors or Dyes, 16 oz",Cream Cheese,6.97,$6.97,43.6 ¢/oz
SunButter Original Sunflower Seed Butter 16 oz Jar,Nut Butters & Spreads,6.98,$6.98,43.6 ¢/oz
"Philadelphia Whipped Cream Cheese Spread, 1 Tub, for Smooth, Spreadable Mornings, Original, No Artificial Preservatives, Flavors or Dyes, 8 oz",Cream Cheese,4.17,$4.17,52.1 ¢/oz
"Earth Balance Plant Butter Original Plant Based Oil Spread, 15-oz. Tub",Butter & Margarine,3.98,$3.98,26.5 ¢/oz
"Country Crock Plant Butter with Olive Oil, 14 oz Tub (Refrigerated)",Butter & Margarine,3.98,$3.98,28.4 ¢/oz
Bonne Maman Strawberry Preserves 13 oz,"Jams, Jellies & Preserves",6.28,$6.28,48.3 ¢/oz
Bonne Maman Wild Blueberry Preserves 13 oz,"Jams, Jellies & Preserves",6.28,$6.28,48.3 ¢/oz
"Smucker's Seedless Strawberry Jam, 18 oz","Jams, Jellies & Preserves",4.13,$4.13,22.9 ¢/oz
"Great Value Concord Grape Jelly, 18 oz","Jams, Jellies & Preserves",1.98,$1.98,11.0 ¢/oz
"Great Value Cream Cheese Brick, 8 oz Block, 2 Pack",Cream Cheese,2.97,$2.97,18.6 ¢/oz
"Smucker's Squeeze Grape Jelly, 20 oz","Jams, Jellies & Preserves",3.12,$3.12,15.6 ¢/oz
"Violife Plant Butter Salted, Dairy-Free Vegan, 8.8 oz Paper Brick (Refrigerated)",Butter & Margarine,3.48,$3.48,39.5 ¢/oz
"Challenge Butter, Sea Salted, Spreadable Butter with Olive Oil 13 oz Tub",Butter & Margarine,4.46,$4.46,34.3 ¢/oz
"Great Value Peach Preserves, 18 oz","Jams, Jellies & Preserves",3.84,$3.84,21.3 ¢/oz
Bonne Maman Apricot Preserves 13 oz,"Jams, Jellies & Preserves",6.28,$6.28,48.3 ¢/oz
Bonne Maman Raspberry Preserves 13 oz,"Jams, Jellies & Preserves",6.28,$6.28,48.3 ¢/oz
(3 pack) SunButter Original Sunflower Seed Butter 16 oz Jar,Nut Butters & Spreads,20.94,$20.94,43.6 ¢/oz
"Smucker's Squeezable Reduced Sugar Strawberry Fruit Spread, 17.4 oz","Jams, Jellies & Preserves",3.62,$3.62,20.8 ¢/oz
"Kraft Smoky Hickory Bacon Flavored Aioli, 12 fl oz Bottle",Salad Dressings,4.68,$4.68,39.0 ¢/fl oz
"Philadelphia Whipped Cream Cheese Spread, 1 Tub, for Smooth, Spreadable Mornings, Original, No Artificial Preservatives, Flavors or Dyes, 12 oz",Cream Cheese,6.13,$6.13,51.1 ¢/oz
"Welch's Concord Grape Jam, 20 oz Squeeze Bottle","Jams, Jellies & Preserves",3.12,$3.12,15.6 ¢/oz
"Philadelphia Flavored Cream Cheese Spread, 1 Tub, for Smooth, Spreadable Mornings, Chive & Onion, No Artificial Preservatives, Flavors or Dyes, 15.5 oz",Cream Cheese,6.97,$6.97,45.0 ¢/oz
"Great Value Blackberry Preserves, 18 oz","Jams, Jellies & Preserves",4.17,$4.17,23.2 ¢/oz
"Challenge Spreadable Salted Butter with Avocado Oil, 6.5 oz Tub",Butter & Margarine,2.54,$2.54,39.1 ¢/oz
"Challenge Butter, Sea Salted, Spreadable Butter with Canola Oil 15 oz Tub",Butter & Margarine,4.46,$4.46,29.7 ¢/oz
"Laura Scudder's All Natural Smooth Peanut Butter, 26 oz Jar",Nut Butters & Spreads,7.12,$7.12,27.4 ¢/oz
"Danish Creamery European Style Butter with Sea Salt 8 oz, 2 Sticks",Butter & Margarine,3.44,$3.44,43.0 ¢/oz
"Philadelphia Cream Cheese, 2 Blocks, for Recipes and Baking, Original, No Artificial Preservatives, Flavors or Dye, 8 oz",Cream Cheese,4.86,$4.86,30.4 ¢/oz
"Great Value Apricot Preserves, 18 oz","Jams, Jellies & Preserves",3.84,$3.84,21.3 ¢/oz
"Great Value Cheese Wow! Spray Cheese, American Cheese, 8 oz",Cheese Dips & Spreads,2.92,$2.92,36.5 ¢/oz
"Welch's Concord Grape Jelly, 20 oz Squeeze Bottle","Jams, Jellies & Preserves",3.12,$3.12,15.6 ¢/oz
"Great Value Red Raspberry Preserves, 18 oz","Jams, Jellies & Preserves",4.17,$4.17,23.2 ¢/oz
"Smucker's Strawberry Jam, 32 oz","Jams, Jellies & Preserves",4.92,$4.92,15.4 ¢/oz
Texas Roadhouse Fried Pickle Dip 12 oz,Vegetable Dips,3.24,$3.24,27.0 ¢/oz
"Laura Scudder's All Natural Smooth Peanut Butter, 16 oz Jar",Nut Butters & Spreads,4.88,$4.88,30.5 ¢/oz
"Earth Balance Vegan Buttery Sticks, 16 oz, 4 Sticks",Butter & Margarine,3.98,$3.98,24.9 ¢/oz
"Laura Scudder's All Natural Nutty Peanut Butter, 16 oz Jar",Nut Butters & Spreads,4.88,$4.88,30.5 ¢/oz
"Philadelphia Cream Cheese Spread, 1 Tub, for Smooth, Spreadable Mornings, Original, No Artificial Preservatives, Flavors or Dyes, 12 oz",Cream Cheese,6.13,$6.13,51.1 ¢/oz
"Laura Scudder's All Natural Nutty Peanut Butter, 26 oz Jar",Nut Butters & Spreads,7.12,$7.12,27.4 ¢/oz
"Philadelphia Reduced Fat Cream Cheese Spread, 16 oz Tub",Cream Cheese,6.97,$6.97,43.6 ¢/oz
"Land O Lakes Salted Butter, 4 Sticks, 1 lb Pack",Butter & Margarine,4.68,$4.68,29.3 ¢/oz
"Freshness Guaranteed Chunky Avocado, 8 oz",Vegetable Dips,3.02,$3.02,37.8 ¢/oz
"Great Value Concord Grape Jelly, 30 oz","Jams, Jellies & Preserves",2.58,$2.58,8.6 ¢/oz
"Great Value Cheese Wow! Spray Cheese, Cheddar, 8 oz",Cheeses,2.92,$2.92,36.5 ¢/oz
"Great Value Strawberry Preserves, 30 oz","Jams, Jellies & Preserves",3.74,$3.74,11.7 ¢/oz
"Welch's Concord Grape Jam, 30 oz Jar","Jams, Jellies & Preserves",2.97,$2.97,9.9 ¢/oz
"Smucker's Seedless Red Raspberry Jam, 18 oz","Jams, Jellies & Preserves",4.66,$4.66,25.9 ¢/oz
Bonne Maman Cherry Preserves 13 oz,"Jams, Jellies & Preserves",6.28,$6.28,48.3 ¢/oz
"Philadelphia Reduced Fat Cream Cheese Spread, 12 oz Tub",Cream Cheese,6.13,$6.13,51.1 ¢/oz
"Violife Plant Butter Unsalted, Dairy-Free Vegan, 8.8 oz Paper Brick (Refrigerated)",Butter & Margarine,3.48,$3.48,39.5 ¢/oz
"Manwich Original Sloppy Joe Sauce, Canned Sauce, 24 oz.",Sandwich Spreads,2.72,$2.72,11.3 ¢/oz
"Land O Lakes Unsalted Stick Butter, 16 oz Box, 4 Sticks",Butter & Margarine,4.68,$4.68,29.3 ¢/oz
"Smucker's Sugar Free Red Raspberry Preserves, 12.75 oz","Jams, Jellies & Preserves",3.97,$3.97,31.0 ¢/oz
"Welch's Concord Grape Jelly, 30 oz Jar","Jams, Jellies & Preserves",2.97,$2.97,9.9 ¢/oz
"Smucker's Sugar Free Strawberry Preserves, 12.75 oz","Jams, Jellies & Preserves",3.97,$3.97,31.0 ¢/oz
"Marketside Premium Heatable Spinach Artichoke Dip Small Tub, 16 oz, 1 Count (Refrigerated)",Vegetable Dips,5.96,$5.96,37.3 ¢/oz
Plugra salted butter 8oz,Butter & Margarine,3.12,$3.12,39.0 ¢/oz
Texas Roadhouse Cactus Blossom Dip 12 oz,Vegetable Dips,3.24,$3.24,27.0 ¢/oz
"Smucker's Sugar Free Peach Preserves, 12.75 oz","Jams, Jellies & Preserves",3.97,$3.97,31.0 ¢/oz
"(3 pack) Smucker's Strawberry Preserves, 18-Ounce","Jams, Jellies & Preserves",12.39,$12.39,22.9 ¢/oz
"Daiya Dairy Free Original Cream Cheese, Vegan, Refrigerated Rounds Tub, 8 oz",Cream Cheese,4.96,$4.96,62.0 ¢/oz
"(4 pack) Reese's Creamy Peanut Butter Spread, Jar 18 oz",Nut Butters & Spreads,14.56,$14.56,20.2 ¢/oz
"Kerrygold Grass-Fed Pure Irish Unsalted Butter, 8 oz 2 Sticks",Butter & Margarine,5.24,$5.24,65.5 ¢/oz
"(4 pack) SKIPPY Peanut Butter, Creamy, Plastic Jar 16.3 oz",Nut Butters & Spreads,11.92,$11.92,18.3 ¢/oz
"Country Crock Dairy Free Vegan Plant Butter with Olive Oil, 16 oz, 4 Sticks (Refrigerated)",Butter & Margarine,3.48,$3.48,21.8 ¢/oz
"(2 pack) Welch's Concord Grape Jam, 30 oz Jar","Jams, Jellies & Preserves",5.94,$5.94,9.9 ¢/oz
"(3 pack) Smucker's Squeezable Reduced Sugar Strawberry Fruit Spread, 17.4 oz","Jams, Jellies & Preserves",10.86,$10.86,20.8 ¢/oz
"(3 pack) Great Value Organic Creamy Stir Peanut Butter, 16 oz",Nut Butters & Spreads,13.41,$13.41,27.9 ¢/oz
"Smucker's Strawberry Preserves, 18-Ounce","Jams, Jellies & Preserves",4.13,$4.13,22.9 ¢/oz
"Smucker's Red Plum Jam, 18 oz","Jams, Jellies & Preserves",4.13,$4.13,22.9 ¢/oz
"Stonewall Kitchen, Red Pepper Jelly, 13 oz. Jar, Made in the USA","Jams, Jellies & Preserves",6.97,$6.97,53.6 ¢/oz
"Smucker's Apricot Preserves, 18 oz","Jams, Jellies & Preserves",4.13,$4.13,22.9 ¢/oz
"Horizon Organic Salted Butter Sticks, 16 oz, 4 Sticks",Butter & Margarine,7.57,$7.57,47.3 ¢/oz
"Smucker's Pineapple Preserves, 18 oz","Jams, Jellies & Preserves",4.13,$4.13,22.9 ¢/oz
"Marketside Tzatziki Style Dip, 16 oz, Refrigerated, Contains Milk",Vegetable Dips,5.96,$5.96,37.3 ¢/oz
"Marketside Dill Pickle Dip, 12 oz Plastic Tub (Refrigerated)",Vegetable Dips,4.97,$4.97,41.4 ¢/oz
"Danish Creamery European Style Butter Unsalted 8oz, 2 Sticks",Butter & Margarine,3.44,$3.44,43.0 ¢/oz
"Smucker's Apple Jelly, 18 oz","Jams, Jellies & Preserves",3.12,$3.12,17.3 ¢/oz
"Marketside Jalapeo Artichoke Dip, 16 oz, 1 Count (Refrigerated)",Vegetable Dips,5.96,$5.96,37.3 ¢/oz
"(2 pack) Laura Scudder's All Natural Nutty Peanut Butter, 26 oz Jar",Nut Butters & Spreads,14.24,$14.24,27.4 ¢/oz
"(2 pack) Smucker's Strawberry Jam, 32 oz","Jams, Jellies & Preserves",9.84,$9.84,15.4 ¢/oz
"Marketside Premium Ready-to-Serve Spinach Dip Small Tub, 16 oz, 1 Count",Vegetable Dips,4.96,$4.96,31.0 ¢/oz
"Tostitos Medium Blanco Flavored Queso Dip, 23 oz Jar",Cheese Dips & Spreads,5.38,$5.38,23.4 ¢/oz
"(2 pack) Great Value Gluten-Free Powdered Peanut Butter, 30 oz",Nut Butters & Spreads,21.96,$21.96,36.6 ¢/oz
"(2 pack) Stonewall Kitchen, Red Pepper Jelly, 13 oz. Jar, Made in the USA","Jams, Jellies & Preserves",13.94,$13.94,53.6 ¢/oz
"(2 pack) Smucker's Squeeze Grape Jelly, 20 oz","Jams, Jellies & Preserves",6.24,$6.24,15.6 ¢/oz
"(4 pack) Smucker's Sugar Free Red Raspberry Preserves, 12.75 oz","Jams, Jellies & Preserves",15.88,$15.88,31.0 ¢/oz
"Gordo's Mild Queso Cheese Dip, 16 oz, Refrigerated Dip",Cheese Dips & Spreads,4.98,$4.98,31.1 ¢/oz
"(3 pack) Great Value Squeezable Grape Jelly, 20 oz","Jams, Jellies & Preserves",8.76,$8.76,14.6 ¢/oz
"(4 pack) Smucker's Sugar Free Seedless Blackberry Jam, 12.75 oz","Jams, Jellies & Preserves",15.88,$15.88,31.0 ¢/oz
"(2 pack) PBfit No Sugar Added Peanut Butter Powder, 8g Protein 9% DV, 13 oz",Nut Butters & Spreads,18.24,$18.24,70.2 ¢/oz
"(4 pack) Smucker's Sugar Free Strawberry Preserves, 12.75 oz","Jams, Jellies & Preserves",15.88,$15.88,31.0 ¢/oz
"(4 pack) Smucker's Cherry Preserves, 18 oz","Jams, Jellies & Preserves",18.64,$18.64,25.9 ¢/oz
"(4 pack) Great Value Red Raspberry Preserves, 18 oz","Jams, Jellies & Preserves",16.68,$16.68,23.2 ¢/oz
"(2 pack) Great Value Blackberry Preserves, 18 oz","Jams, Jellies & Preserves",8.34,$8.34,23.2 ¢/oz
(2 pack) HERDEZ Queso Con Salsa 15OZ,Cheese Dips & Spreads,7.52,$7.52,25.1 ¢/oz
"(3 pack) Great Value Peach Preserves, 18 oz","Jams, Jellies & Preserves",11.52,$11.52,21.3 ¢/oz
"(4 pack) Great Value Apricot Preserves, 18 oz","Jams, Jellies & Preserves",15.36,$15.36,21.3 ¢/oz
"Daisy Sour Cream French Onion Dip, 16 oz Tub (Refrigerated)",Vegetable Dips,2.98,$2.98,18.6 ¢/oz
Dean's Guacamole Dip 12 oz,Guacamole,2.62,$2.62,21.8 ¢/oz
